formatted_record,timeStamp,dateTime,hash,transaction_type,base_token_volume,other_token_volume,average_price,token_symbol,price_unit
1727622431 W BUY 225.99785863916776 WETH of 600000.0 USDT at avg price 2654.892412 (at 2024-09-29 15:07:11),1727622431,2024-09-29 15:07:11,0xcdd50283839ea3d3183bf5196b7ef12717c45890ba182549e15c17230949afc4,BUY,600000.0,225.99785863916776,2654.89241187002,WETH,USDT/WETH
1727622431 W BUY 629.4040363100822 WETH of 1671000.0 USDT at avg price 2654.892412 (at 2024-09-29 15:07:11),1727622431,2024-09-29 15:07:11,0xc481855c6cd2d82cac1da53834a02bf51b8e8eadce68f445ae8e9f2b9603bfc3,BUY,1671000.0,629.4040363100822,2654.89241187002,WETH,USDT/WETH
1727622431 W BUY 74.57929335092537 WETH of 198000.0 USDT at avg price 2654.892412 (at 2024-09-29 15:07:11),1727622431,2024-09-29 15:07:11,0xcba3453948db3d31864f8bbf2a975f75bcb419618ab6fa15acea01439b52f529,BUY,198000.0,74.57929335092537,2654.89241187002,WETH,USDT/WETH
1727622443 W BUY 200.0005025508445 WETH of 531000.0 USDT at avg price 2654.993329 (at 2024-09-29 15:07:23),1727622443,2024-09-29 15:07:23,0x07ebb9da44241175af68f383bcf401f77a43af8b8083030e8892146c6292fbc4,BUY,531000.0,200.0005025508445,2654.993328654303,WETH,USDT/WETH
1727622611 W BUY 47.42831654525341 WETH of 126000.0 USDT at avg price 2656.640783 (at 2024-09-29 15:10:11),1727622611,2024-09-29 15:10:11,0xbc0295f708bc839ba95446654d230b837939c06bb6331e542dbe681db5faa9ea,BUY,126000.0,47.42831654525341,2656.640782933502,WETH,USDT/WETH
1727622611 W BUY 225.8491264059686 WETH of 600000.0 USDT at avg price 2656.640783 (at 2024-09-29 15:10:11),1727622611,2024-09-29 15:10:11,0xc71181c1b789672fb0a24be271ec4d226f95f60c4acf8370361b8cdb94c7cb8d,BUY,600000.0,225.8491264059686,2656.6407829335026,WETH,USDT/WETH
1727622611 W BUY 112.9245632029843 WETH of 300000.0 USDT at avg price 2656.640783 (at 2024-09-29 15:10:11),1727622611,2024-09-29 15:10:11,0x391de3855a81c8a201c4b8ff76784172a94aa4b7f8bdce59fdbe795877e6f7b3,BUY,300000.0,112.9245632029843,2656.6407829335026,WETH,USDT/WETH
1727622611 W BUY 213.0655607108356 WETH of 566038.658023 USDT at avg price 2656.640783 (at 2024-09-29 15:10:11),1727622611,2024-09-29 15:10:11,0x1e2f01f76db306c5366d3d49a6f1a71778affdfea3b818ad74b4d630fc03f82a,BUY,566038.658023,213.0655607108356,2656.6407829335026,WETH,USDT/WETH
1727622623 W BUY 317.96963525401145 WETH of 844776.805186 USDT at avg price 2656.784521 (at 2024-09-29 15:10:23),1727622623,2024-09-29 15:10:23,0x8c3b87a31474300c9f1980ef81985ee5f8cf5fe527a772b66c5205ca2b8c54c6,BUY,844776.805186,317.96963525401145,2656.7845212991683,WETH,USDT/WETH
1727622623 W BUY 33.875536114607435 WETH of 90000.0 USDT at avg price 2656.784521 (at 2024-09-29 15:10:23),1727622623,2024-09-29 15:10:23,0xa5ed034449e364d700a9f6a82e65cc198f3972a2e52e1fa43d8cd301fe767cc8,BUY,90000.0,33.875536114607435,2656.7845212991683,WETH,USDT/WETH
1727622623 W BUY 31.796963525175304 WETH of 84477.680518 USDT at avg price 2656.784521 (at 2024-09-29 15:10:23),1727622623,2024-09-29 15:10:23,0x2c3663d6b35b88687f877de422b33cc698e40e60638a67b668e87d00188c5dfb,BUY,84477.680518,31.796963525175304,2656.784521299169,WETH,USDT/WETH
1727622623 W BUY 132.48734802244203 WETH of 351990.335494 USDT at avg price 2656.784521 (at 2024-09-29 15:10:23),1727622623,2024-09-29 15:10:23,0x813c01339c9a7de5fdafc9b7e68872a37afbb7eb435b6bb836ccc7aa3bf121a8,BUY,351990.335494,132.48734802244203,2656.7845212991683,WETH,USDT/WETH
1727622635 W BUY 13.819007966403811 WETH of 36716.0 USDT at avg price 2656.920098 (at 2024-09-29 15:10:35),1727622635,2024-09-29 15:10:35,0xab9f3da24e776144572b038310870531ff9e44b75692d79bf1615eb5b1743a02,BUY,36716.0,13.819007966403811,2656.9200979739203,WETH,USDT/WETH
1727623691 W BUY 1128.3998965068963 WETH of 3000000.0 USDT at avg price 2658.631935 (at 2024-09-29 15:28:11),1727623691,2024-09-29 15:28:11,0x597ce8e4f555886d4b39b42133291f5405144bbf0183aabed5d4919c56da598f,BUY,3000000.0,1128.3998965068963,2658.6319347306544,WETH,USDT/WETH
1727623739 W BUY 110.47831582886502 WETH of 293875.704842 USDT at avg price 2660.030637 (at 2024-09-29 15:28:59),1727623739,2024-09-29 15:28:59,0x69dff7e50d19f1e82dc2976d13618fcbcc1e78880752178a01bda4619c6aab39,BUY,293875.704842,110.47831582886502,2660.030637118186,WETH,USDT/WETH
1727623739 W BUY 12.056439078740992 WETH of 32070.497324 USDT at avg price 2660.030637 (at 2024-09-29 15:28:59),1727623739,2024-09-29 15:28:59,0x9ea0ba40e82e877ca8431034063ad8e247d8eb8dabccdfdbbad97c1b1758bd4a,BUY,32070.497324,12.056439078740992,2660.0306371181864,WETH,USDT/WETH
1727623739 W BUY 70.77517107771394 WETH of 188264.123414 USDT at avg price 2660.030637 (at 2024-09-29 15:28:59),1727623739,2024-09-29 15:28:59,0xd9c13059714f4ff1dde4cadb6b9cf774288e3b20bf252fb3dce55545e63b0f54,BUY,188264.123414,70.77517107771394,2660.030637118186,WETH,USDT/WETH
1727623739 W BUY 172.62236848236665 WETH of 459180.788815 USDT at avg price 2660.030637 (at 2024-09-29 15:28:59),1727623739,2024-09-29 15:28:59,0x85a13dbc85617cad781efb50f9c7f348f60a1592874f773549e392bf48bd79ed,BUY,459180.788815,172.62236848236665,2660.0306371181855,WETH,USDT/WETH
1727623739 W BUY 103.57342108941998 WETH of 275508.473289 USDT at avg price 2660.030637 (at 2024-09-29 15:28:59),1727623739,2024-09-29 15:28:59,0xe431a43bff232181162271dbb5c0d0086efb8dfc1a4d3ee929e3740053a79d42,BUY,275508.473289,103.57342108941998,2660.030637118186,WETH,USDT/WETH
1727623739 W BUY 345.2447369651092 WETH of 918361.577631 USDT at avg price 2660.030637 (at 2024-09-29 15:28:59),1727623739,2024-09-29 15:28:59,0xb591204a83d82f18f072aeb55f6c5427952b03e01935f6753df424270e1a1d8b,BUY,918361.577631,345.2447369651092,2660.030637118186,WETH,USDT/WETH
1727623751 W BUY 89.76137168237629 WETH of 238774.010184 USDT at avg price 2660.097609 (at 2024-09-29 15:29:11),1727623751,2024-09-29 15:29:11,0x32c95f65f858033c60758fbf92cbb8031f783c984b705ddcc4640b8b7e1e953b,BUY,238774.010184,89.76137168237629,2660.097608901411,WETH,USDT/WETH
1727623751 W BUY 74.22574966019519 WETH of 197447.73919 USDT at avg price 2660.097609 (at 2024-09-29 15:29:11),1727623751,2024-09-29 15:29:11,0x3d1afa60602a14282c7d57654ee05e42dce935abee9d225006ab1af53fdb23de,BUY,197447.73919,74.22574966019519,2660.0976089014116,WETH,USDT/WETH
1727623751 W BUY 5.178540673809743 WETH of 13775.423664 USDT at avg price 2660.097609 (at 2024-09-29 15:29:11),1727623751,2024-09-29 15:29:11,0xe65c704ebac8fc93ea8bc66b06e49a33eb8d3bc6e1b6580346ccd4e9256b2fae,BUY,13775.423664,5.178540673809743,2660.097608901411,WETH,USDT/WETH
1727623751 W BUY 182.29005693075368 WETH of 484909.344568 USDT at avg price 2660.097609 (at 2024-09-29 15:29:11),1727623751,2024-09-29 15:29:11,0x491e35ff2070dc8fa422b63caa088fd89bff11e0c1ea532f2acad4f2722378b2,BUY,484909.344568,182.29005693075368,2660.097608901411,WETH,USDT/WETH
1727623751 W BUY 236.97709214375044 WETH of 630382.1961759999 USDT at avg price 2660.097609 (at 2024-09-29 15:29:11),1727623751,2024-09-29 15:29:11,0xb0d5a647572c6920b0704e04ea70f5f2db2a407e1f106320fd3fead76e5c7b2d,BUY,630382.1961759999,236.97709214375044,2660.097608901411,WETH,USDT/WETH
1727623763 W BUY 9.114263431933226 WETH of 24245.467228 USDT at avg price 2660.167485 (at 2024-09-29 15:29:23),1727623763,2024-09-29 15:29:23,0xab37c3cc18aaa2e276e0b0a3e016f169bd22a389343296d5564fc6fe027c2c2c,BUY,24245.467228,9.114263431933226,2660.167484632085,WETH,USDT/WETH
1727623763 W BUY 33.72277469867922 WETH of 89708.228745 USDT at avg price 2660.167485 (at 2024-09-29 15:29:23),1727623763,2024-09-29 15:29:23,0x65479669df9aa3bbf3eafb79b4e0bd457b8d646550626b858f4e1e1d79b119d7,BUY,89708.228745,33.72277469867922,2660.167484632085,WETH,USDT/WETH
1727623835 W BUY 56.02636955824786 WETH of 149060.862617 USDT at avg price 2660.548306 (at 2024-09-29 15:30:35),1727623835,2024-09-29 15:30:35,0x076a7a7b87b36ea001f2dc1e55cafac94a6faff88374022065ea9792e3db5dff,BUY,149060.862617,56.02636955824786,2660.5483059549088,WETH,USDT/WETH
1727623835 W BUY 11.012746042392878 WETH of 29299.942827 USDT at avg price 2660.548306 (at 2024-09-29 15:30:35),1727623835,2024-09-29 15:30:35,0x553ef965e7098c865d106ee4a6296d353669345822b0c4eb1b95b134802c7215,BUY,29299.942827,11.012746042392878,2660.5483059549088,WETH,USDT/WETH
1727623847 W BUY 42.61800139170538 WETH of 113388.701528 USDT at avg price 2660.582332 (at 2024-09-29 15:30:47),1727623847,2024-09-29 15:30:47,0xabc6377b4b914aa475ec574c2a5a3a0191a2aeb9d0111b9bdbabb67c477385a0,BUY,113388.701528,42.61800139170538,2660.582332001813,WETH,USDT/WETH
1727623859 W BUY 68.18801803647769 WETH of 181421.922446 USDT at avg price 2660.612930 (at 2024-09-29 15:30:59),1727623859,2024-09-29 15:30:59,0x67ccd7bfebd1283c32beabb8dce4b06a215b2f0af47b86809a25988f745519e8,BUY,181421.922446,68.18801803647769,2660.6129298104397,WETH,USDT/WETH
1727624135 W BUY 7.269662012512086 WETH of 19374.819468 USDT at avg price 2665.160971 (at 2024-09-29 15:35:35),1727624135,2024-09-29 15:35:35,0x070a3d5acd3156b2286508463d2ce6389340357b8c54194de4ae5cd714fdd1e5,BUY,19374.819468,7.269662012512086,2665.160970985072,WETH,USDT/WETH
1727624135 W BUY 81.68598794035825 WETH of 217706.306935 USDT at avg price 2665.160971 (at 2024-09-29 15:35:35),1727624135,2024-09-29 15:35:35,0xb99a82742950544818c2765b49e26f23a87c3711c0685c6490f5fc5e45871dda,BUY,217706.306935,81.68598794035825,2665.1609709850713,WETH,USDT/WETH
1727624147 W BUY 13.151710654873808 WETH of 35051.757266 USDT at avg price 2665.186164 (at 2024-09-29 15:35:47),1727624147,2024-09-29 15:35:47,0x2e776c0ecc7d2bda86f70ee84ba4fa11fc6340ebbf5474865772e8f4ce4897b4,BUY,35051.757266,13.151710654873808,2665.1861636729664,WETH,USDT/WETH
1727625191 W BUY 29.02304217570304 WETH of 77473.857994 aEthUSDT at avg price 2669.391359 (at 2024-09-29 15:53:11),1727625191,2024-09-29 15:53:11,0xbaa4ff2a1d9aa7b157b8e5288c1eda1839c50779a605c8d1d87476eba19ab935,BUY,77473.857994,29.02304217570304,2669.391358940935,WETH,aEthUSDT/WETH
1727625203 W BUY 108.7210333165128 WETH of 290228.991102 aEthUSDT at avg price 2669.483376 (at 2024-09-29 15:53:23),1727625203,2024-09-29 15:53:23,0x26cb3c31a1ce7ef83ff2c3f0ad1be41eb058ae3e2fe40800b5c741202613674b,BUY,290228.991102,108.7210333165128,2669.4833763865577,WETH,aEthUSDT/WETH
1727625227 W BUY 12.719486449708407 WETH of 33956.791958 aEthUSDT at avg price 2669.666900 (at 2024-09-29 15:53:47),1727625227,2024-09-29 15:53:47,0xb87fd84880b17d7c0decedbc34e101099b64a307c299bee18c01cc63dcfa98cc,BUY,33956.791958,12.719486449708407,2669.6668998596606,WETH,aEthUSDT/WETH
1727625239 W BUY 195.67785536860632 WETH of 522412.183984 aEthUSDT at avg price 2669.756284 (at 2024-09-29 15:53:59),1727625239,2024-09-29 15:53:59,0x6038ad2f0efecf0eca0d28f6e6e994eac175cfcfd9ac0792e1ad3fda8fb9ce3e,BUY,522412.183984,195.67785536860632,2669.7562838672316,WETH,aEthUSDT/WETH
1727625251 W BUY 10.621994565039124 WETH of 28359.145407 aEthUSDT at avg price 2669.851244 (at 2024-09-29 15:54:11),1727625251,2024-09-29 15:54:11,0xf2a695b8576be4c71a3afc29afc45d026126bba39f3de9920126da948dd7af0f,BUY,28359.145407,10.621994565039124,2669.851244354835,WETH,aEthUSDT/WETH
1727625263 W BUY 76.99397291362723 WETH of 205569.194397 aEthUSDT at avg price 2669.938784 (at 2024-09-29 15:54:23),1727625263,2024-09-29 15:54:23,0x7a1b4fc023269ce9f1a24ffa8f44dcbc49048be03c64b9614a0bcc9ce851a2f2,BUY,205569.194397,76.99397291362723,2669.938783748827,WETH,aEthUSDT/WETH
1727625275 W BUY 6.074398602380136 WETH of 16218.662388 aEthUSDT at avg price 2670.002983 (at 2024-09-29 15:54:35),1727625275,2024-09-29 15:54:35,0xa79ffa108fe373f60a3d942ab3cee4a25d7f4e4efc5c746d83d03510cd5c9777,BUY,16218.662388,6.074398602380136,2670.002982952918,WETH,aEthUSDT/WETH
1727625287 W BUY 40.57307107343159 WETH of 108332.696507 aEthUSDT at avg price 2670.064002 (at 2024-09-29 15:54:47),1727625287,2024-09-29 15:54:47,0x9b451a837beb1b9653612ccc10c88436b5fe6e4e90d349403887cdd96d9900bd,BUY,108332.696507,40.57307107343159,2670.064001586987,WETH,aEthUSDT/WETH
1727625287 W BUY 135.24357024489677 WETH of 361108.988357 aEthUSDT at avg price 2670.064002 (at 2024-09-29 15:54:47),1727625287,2024-09-29 15:54:47,0xdd3d196dfef005b79b1da06a51b7e5907ed1fdb86facafe3d188decadb7c72bb,BUY,361108.988357,135.24357024489677,2670.064001586988,WETH,aEthUSDT/WETH
1727625287 W BUY 40.57307107343159 WETH of 108332.696507 aEthUSDT at avg price 2670.064002 (at 2024-09-29 15:54:47),1727625287,2024-09-29 15:54:47,0x6ed3f757cdea1bab1162c2ff978d81abef80bf960bccbd15865ed609961f3f38,BUY,108332.696507,40.57307107343159,2670.064001586987,WETH,aEthUSDT/WETH
1727625299 W BUY 27.588950897658982 WETH of 73666.233624 aEthUSDT at avg price 2670.135370 (at 2024-09-29 15:54:59),1727625299,2024-09-29 15:54:59,0xedf7b3f0822de912da9c5986a6c304cc24872a8cf7e624e683ebef17ca699e02,BUY,73666.233624,27.588950897658982,2670.1353703975324,WETH,aEthUSDT/WETH
1727625311 W BUY 86.44329219146904 WETH of 230820.865358 aEthUSDT at avg price 2670.199844 (at 2024-09-29 15:55:11),1727625311,2024-09-29 15:55:11,0x3b825afd3afc1c9b20a975f154145d3435acf1f68999c48929f0b9890f6a2c07,BUY,230820.865358,86.44329219146904,2670.199844387456,WETH,aEthUSDT/WETH
1727625347 W BUY 34.574757155955105 WETH of 92328.346143 aEthUSDT at avg price 2670.397531 (at 2024-09-29 15:55:47),1727625347,2024-09-29 15:55:47,0x6bd5541e05e44cc752370c63bed0827b3c29f19e42ef0c909e10cdf18f9b0e14,BUY,92328.346143,34.574757155955105,2670.3975309656657,WETH,aEthUSDT/WETH
1727625359 W BUY 31.462647561969376 WETH of 84018.79499 aEthUSDT at avg price 2670.429907 (at 2024-09-29 15:55:59),1727625359,2024-09-29 15:55:59,0x4450ffb2601490e55884def88ee207f0c6277b6b759ecfa596f58cdfd3637ea1,BUY,84018.79499,31.462647561969376,2670.4299065905093,WETH,aEthUSDT/WETH
1727625383 W BUY 16.7820784538402 WETH of 44816.179218 aEthUSDT at avg price 2670.478471 (at 2024-09-29 15:56:23),1727625383,2024-09-29 15:56:23,0x6f5eabe54fe16b574d08c824549957e2528ac6fb11e1c450591344903c316d31,BUY,44816.179218,16.7820784538402,2670.478471499746,WETH,aEthUSDT/WETH
1727625383 W BUY 12.86626014764458 WETH of 34359.070733 aEthUSDT at avg price 2670.478471 (at 2024-09-29 15:56:23),1727625383,2024-09-29 15:56:23,0x22e5aad0c6b399afdbc473204668271caf8fe79e6dd6637a8593c190c84462d0,BUY,34359.070733,12.86626014764458,2670.4784714997463,WETH,aEthUSDT/WETH
1727625395 W BUY 29.351592692046765 WETH of 78383.497452 aEthUSDT at avg price 2670.502357 (at 2024-09-29 15:56:35),1727625395,2024-09-29 15:56:35,0xbe4203016b4231cfab56c01331e358d385a415b9b3f9f3667fe8f1d8cc675dff,BUY,78383.497452,29.351592692046765,2670.502356529332,WETH,aEthUSDT/WETH
1727625407 W BUY 36.782850006309125 WETH of 98229.595483 aEthUSDT at avg price 2670.527038 (at 2024-09-29 15:56:47),1727625407,2024-09-29 15:56:47,0x3192808ad7bb11db543f42cd032e647e952ee281b7090c45fdb211eb0ddc4025,BUY,98229.595483,36.782850006309125,2670.5270381754353,WETH,aEthUSDT/WETH
1727625419 W BUY 73.5649835399061 WETH of 196459.190966 aEthUSDT at avg price 2670.553047 (at 2024-09-29 15:56:59),1727625419,2024-09-29 15:56:59,0xfc46dfb8062b2ca8d2f56d464e886eed4a52383ab01e9cc6a50f2ba17fdc9601,BUY,196459.190966,73.5649835399061,2670.5530472854475,WETH,aEthUSDT/WETH
1727625443 W BUY 110.31912711657942 WETH of 294688.786449 aEthUSDT at avg price 2671.239287 (at 2024-09-29 15:57:23),1727625443,2024-09-29 15:57:23,0xdc3bcd988eacf6aef5399a6cc0581a59f4dcc5d319112e7ff8039f88e69e80a9,BUY,294688.786449,110.31912711657942,2671.239286888016,WETH,aEthUSDT/WETH
1730384567 W SELL 1117.936492937837 aEthWETH of 2879698.277829 USDT at avg price 2575.905068 (at 2024-10-31 14:22:47),1730384567,2024-10-31 14:22:47,0xfe80c0d263105dbf64dc7368efd57e16fd74816fafa8e77a6633e08959807b40,SELL,2879698.277829,1117.936492937837,2575.9050679716256,aEthWETH,USDT/aEthWETH
1730384939 W BUY 224.2148364479976 aEthWETH of 575939.655564 USDT at avg price 2568.695563 (at 2024-10-31 14:28:59),1730384939,2024-10-31 14:28:59,0x10dec17a47b235bdc0cc41e1d569393357e3e884ffc146fe853330e5a99abb25,BUY,575939.655564,224.2148364479976,2568.69556309481,aEthWETH,USDT/aEthWETH
1730385047 W BUY 896.3147426768525 aEthWETH of 2303758.622265 USDT at avg price 2570.256309 (at 2024-10-31 14:30:47),1730385047,2024-10-31 14:30:47,0xea8622b6b2dc029baa3eb587b313883750e6ec63e46364908417804eb210b358,BUY,2303758.622265,896.3147426768525,2570.2563090559047,aEthWETH,USDT/aEthWETH
1730385347 W SELL 112.052974712422 aEthWETH of 287751.152775 USDT at avg price 2567.992090 (at 2024-10-31 14:35:47),1730385347,2024-10-31 14:35:47,0x9060d65c60e7e27989362ad99f487a9af65c0b15be584a8cc0891513fb05b8e7,SELL,287751.152775,112.052974712422,2567.992090468799,aEthWETH,USDT/aEthWETH
1730385419 W SELL 60.508606344707886 aEthWETH of 155332.580764 USDT at avg price 2567.115492 (at 2024-10-31 14:36:59),1730385419,2024-10-31 14:36:59,0xa49e1aad40e75c6aae5e618351a6e51dbe59aac618e847edb2270844f4078ec7,SELL,155332.580764,60.508606344707886,2567.1154922837763,aEthWETH,USDT/aEthWETH
1730385419 W SELL 705.9337406882585 aEthWETH of 1812213.442242 USDT at avg price 2567.115492 (at 2024-10-31 14:36:59),1730385419,2024-10-31 14:36:59,0x69e8cf94bca77a634c118ee0f5d4b64f958fa3281112af9459a9b4c279641048,SELL,1812213.442242,705.9337406882585,2567.115492277166,aEthWETH,USDT/aEthWETH
1730385431 W SELL 24.20344253788316 aEthWETH of 62128.971636 USDT at avg price 2566.947720 (at 2024-10-31 14:37:11),1730385431,2024-10-31 14:37:11,0x6c6f7ea046776486f94ee59f306ef1ffb3f79242840584b8e42fd19a662ca047,SELL,62128.971636,24.20344253788316,2566.9477198855457,aEthWETH,USDT/aEthWETH
1730385431 W SELL 28.802096620080956 aEthWETH of 73933.476246 USDT at avg price 2566.947720 (at 2024-10-31 14:37:11),1730385431,2024-10-31 14:37:11,0xce0a97cdb68ff5c920609a7200f3376af19dd842287a71c39b592d25ab5d842f,SELL,73933.476246,28.802096620080956,2566.947719856382,aEthWETH,USDT/aEthWETH
1730385443 W SELL 189.02888622086743 aEthWETH of 485201.434708 USDT at avg price 2566.811054 (at 2024-10-31 14:37:23),1730385443,2024-10-31 14:37:23,0xaf67f53c37b824455ecb06480b093638910a43375888e921719fd2035612c483,SELL,485201.434708,189.02888622086743,2566.811054163833,aEthWETH,USDT/aEthWETH
1730385935 W BUY 292.3951257505232 aEthWETH of 747905.875176 USDT at avg price 2557.860270 (at 2024-10-31 14:45:35),1730385935,2024-10-31 14:45:35,0x3de2643abf07c51aca68d9dde8c4da79f7126da43b0ab3f40a60ed7d4a327829,BUY,747905.875176,292.3951257505232,2557.860269579619,aEthWETH,USDT/aEthWETH
1730385935 W BUY 337.378991250694 aEthWETH of 862968.317511 USDT at avg price 2557.860270 (at 2024-10-31 14:45:35),1730385935,2024-10-31 14:45:35,0x80242433d5b38b5f658ed7d1075564e7c4dd2536d0b6acf09176743a7c22d3e0,BUY,862968.317511,337.378991250694,2557.8602695796185,aEthWETH,USDT/aEthWETH
1730385959 W BUY 164.9374839932544 aEthWETH of 421895.621894 USDT at avg price 2557.912317 (at 2024-10-31 14:45:59),1730385959,2024-10-31 14:45:59,0x6a863b2add62f3c8ef126c853e62ecad3840d3b25f64f49d5eb644fd78de59e7,BUY,421895.621894,164.9374839932544,2557.912317319298,aEthWETH,USDT/aEthWETH
1730385971 W BUY 164.93543754590854 aEthWETH of 421895.621894 USDT at avg price 2557.944055 (at 2024-10-31 14:46:11),1730385971,2024-10-31 14:46:11,0x6d0fa13d632c773a0beb51e803ad89510b27750d7df258ea60f7eacb9a430249,BUY,421895.621894,164.93543754590854,2557.9440547854883,aEthWETH,USDT/aEthWETH
1730385983 W BUY 164.9337676452652 aEthWETH of 421895.621895 USDT at avg price 2557.969953 (at 2024-10-31 14:46:23),1730385983,2024-10-31 14:46:23,0x26032abda928820fc234d8648175f7a68fafa8b3f52778473ae20b81cd994a2a,BUY,421895.621895,164.9337676452652,2557.969953141439,aEthWETH,USDT/aEthWETH
1730390939 W SELL 112.45844283961428 aEthWETH of 287528.935508 USDT at avg price 2556.757218 (at 2024-10-31 16:08:59),1730390939,2024-10-31 16:08:59,0x694c2be9cc4c3df1402b6be00e5204f11a23cd64f790572ca0794c90349104b7,SELL,287528.935508,112.45844283961428,2556.7572184692917,aEthWETH,USDT/aEthWETH
1730390963 W SELL 674.7506570376859 aEthWETH of 1725076.673049 USDT at avg price 2556.613551 (at 2024-10-31 16:09:23),1730390963,2024-10-31 16:09:23,0xeee6973848d60ae5fef8095fdaea8a6b42b825aa2804e038ed3a4d344796be51,SELL,1725076.673049,674.7506570376859,2556.613550585475,aEthWETH,USDT/aEthWETH
1730391311 W SELL 13.83238846927256 aEthWETH of 35326.552423 USDT at avg price 2553.901121 (at 2024-10-31 16:15:11),1730391311,2024-10-31 16:15:11,0x1a636e11cbf3d7f72104949622dfc8a812b9d085ade458a54c534e8be5ac25c0,SELL,35326.552423,13.83238846927256,2553.9011213771823,aEthWETH,USDT/aEthWETH
1730391311 W SELL 20.24251971113057 aEthWETH of 51697.39379 USDT at avg price 2553.901121 (at 2024-10-31 16:15:11),1730391311,2024-10-31 16:15:11,0x93de8097d648b1fbb34602e261699b7cfc9ec5c77d7ddbce96e35be81108eee1,SELL,51697.39379,20.24251971113057,2553.9011213892322,aEthWETH,USDT/aEthWETH
1730391323 W SELL 78.85810928799434 aEthWETH of 201339.887449 USDT at avg price 2553.191920 (at 2024-10-31 16:15:23),1730391323,2024-10-31 16:15:23,0x22a1b41621ee85aebbb09e10d5d393807c94af8e5feb584203e1b4dada66903e,SELL,201339.887449,78.85810928799434,2553.191919853102,aEthWETH,USDT/aEthWETH
1730391323 W SELL 78.85810928799434 aEthWETH of 201339.887449 USDT at avg price 2553.191920 (at 2024-10-31 16:15:23),1730391323,2024-10-31 16:15:23,0xc3c7fd42e4a54d5e458cd984656b33bfed8ae255b2aba467626e66bbe97bdb19,SELL,201339.887449,78.85810928799434,2553.191919853102,aEthWETH,USDT/aEthWETH
1730391335 W SELL 101.10014011281326 aEthWETH of 258057.25864 USDT at avg price 2552.491602 (at 2024-10-31 16:15:35),1730391335,2024-10-31 16:15:35,0x4377db686e79af1f19bfcf5da05d38c479d0496474d0f3d0c7a1ec991d50e051,SELL,258057.25864,101.10014011281326,2552.4916024057443,aEthWETH,USDT/aEthWETH
1730391335 W SELL 44.48406164963784 aEthWETH of 113545.193802 USDT at avg price 2552.491602 (at 2024-10-31 16:15:35),1730391335,2024-10-31 16:15:35,0xea32c489545ceb7f05e915d617cdd1205cf7bf1af3bb2906e89120716ab7d349,SELL,113545.193802,44.48406164963784,2552.491602414736,aEthWETH,USDT/aEthWETH
1730392139 W BUY 675.6695880522218 aEthWETH of 1724347.069266 USDT at avg price 2552.056656 (at 2024-10-31 16:28:59),1730392139,2024-10-31 16:28:59,0x76b9850e78f6435fa5550aad8d8b88d088a7b3e6e8a6b2a184447c2f8eb9eb7b,BUY,1724347.069266,675.6695880522218,2552.0566557344105,aEthWETH,USDT/aEthWETH
1730392199 W BUY 27.021242203453173 aEthWETH of 68973.88277 USDT at avg price 2552.580013 (at 2024-10-31 16:29:59),1730392199,2024-10-31 16:29:59,0x76e0aa2520d577251d7ad5336c20d5df3b1b5151e03a0fb712b461049816502e,BUY,68973.88277,27.021242203453173,2552.5800128161945,aEthWETH,USDT/aEthWETH
1730392223 W BUY 42.33037444189088 aEthWETH of 108059.083007 USDT at avg price 2552.755189 (at 2024-10-31 16:30:23),1730392223,2024-10-31 16:30:23,0x14b96042ac67a78b2c26ba50b68720a61fdcf24837edbe5c10b6995205f21ad7,BUY,108059.083007,42.33037444189088,2552.755188956298,aEthWETH,USDT/aEthWETH
1730392331 W BUY 22.85573471805805 aEthWETH of 58351.904824 USDT at avg price 2553.053120 (at 2024-10-31 16:32:11),1730392331,2024-10-31 16:32:11,0x962642b668f34db90c3dfb78895c78f97e7c554ef5369a144bda1c13cd5a68e2,BUY,58351.904824,22.85573471805805,2553.053119657398,aEthWETH,USDT/aEthWETH
1730392427 W BUY 136.00582648571893 aEthWETH of 347388.340052 USDT at avg price 2554.216603 (at 2024-10-31 16:33:47),1730392427,2024-10-31 16:33:47,0xec146a662cb6f31633eab825ce1492ecf2f48ac10a058dd22cf8e84591dc93c7,BUY,347388.340052,136.00582648571893,2554.2166025400165,aEthWETH,USDT/aEthWETH
1730392439 W BUY 9.661279662198435 aEthWETH of 24682.85574 USDT at avg price 2554.822612 (at 2024-10-31 16:33:59),1730392439,2024-10-31 16:33:59,0xc5e992ca28ae062891c48059781384c14eef98194c8b811443aabcaa4808d2c0,BUY,24682.85574,9.661279662198435,2554.8226118095195,aEthWETH,USDT/aEthWETH
1730392451 W BUY 14.849787031749804 aEthWETH of 37947.605251 USDT at avg price 2555.430941 (at 2024-10-31 16:34:11),1730392451,2024-10-31 16:34:11,0x31bda79aea172c6af9dbcc977b42aa2f700385bf3ad48e8d2894c092b8edda23,BUY,37947.605251,14.849787031749804,2555.430941188959,aEthWETH,USDT/aEthWETH
1730392451 W BUY 12.728388884524684 aEthWETH of 32526.518787 USDT at avg price 2555.430941 (at 2024-10-31 16:34:11),1730392451,2024-10-31 16:34:11,0xf3b59bf45f1bfed760d665c812150dd110a38350af2ea7be2c365f42f645328e,BUY,32526.518787,12.728388884524684,2555.4309411889594,aEthWETH,USDT/aEthWETH
1730392451 W BUY 12.728388884524684 aEthWETH of 32526.518787 USDT at avg price 2555.430941 (at 2024-10-31 16:34:11),1730392451,2024-10-31 16:34:11,0x1e914f45d0a6c49de9868ddc3a656e43dd6dc88b822c1b22d0c2bab040230928,BUY,32526.518787,12.728388884524684,2555.4309411889594,aEthWETH,USDT/aEthWETH
1730392463 W BUY 80.59387869005694 aEthWETH of 206001.285651 USDT at avg price 2556.041340 (at 2024-10-31 16:34:23),1730392463,2024-10-31 16:34:23,0x5a32266dd3d74c2b7a04adeaec23acf366b5f56c1568a1fa2bf86133845977ba,BUY,206001.285651,80.59387869005694,2556.0413396062904,aEthWETH,USDT/aEthWETH
1730392463 W BUY 80.59387869005694 aEthWETH of 206001.285651 USDT at avg price 2556.041340 (at 2024-10-31 16:34:23),1730392463,2024-10-31 16:34:23,0x22a04eae9289022f120fe7f317434f04c92813b88b516f27532e7ab28258e8ae,BUY,206001.285651,80.59387869005694,2556.0413396062904,aEthWETH,USDT/aEthWETH
1730392475 W BUY 5.49603230169476 aEthWETH of 14051.456116 USDT at avg price 2556.654573 (at 2024-10-31 16:34:35),1730392475,2024-10-31 16:34:35,0x2dd9228a2be1807e8fd5c228d89b384a88687ce99e5676b142c3f0c381aa7727,BUY,14051.456116,5.49603230169476,2556.6545727300554,aEthWETH,USDT/aEthWETH
1730392511 W BUY 5.104021539547079 aEthWETH of 13053.976209 USDT at avg price 2557.586426 (at 2024-10-31 16:35:11),1730392511,2024-10-31 16:35:11,0xdd04392c33cf1cc8c3e24e8be9ef45788556b6eef40e0f573ac9963a7c47c9a3,BUY,13053.976209,5.104021539547079,2557.5864262826726,aEthWETH,USDT/aEthWETH
1730848667 W SELL 420.0 aEthWETH of 1020888.418616 aEthUSDT at avg price 2430.686711 (at 2024-11-05 23:17:47),1730848667,2024-11-05 23:17:47,0xb609f923076f10249c957dbc954885227a938a88230de33b1fdb038f1ab36795,SELL,1020888.418616,420.0,2430.686710990476,aEthWETH,aEthUSDT/aEthWETH
1730848667 W SELL 60.0 aEthWETH of 145841.20266 aEthUSDT at avg price 2430.686711 (at 2024-11-05 23:17:47),1730848667,2024-11-05 23:17:47,0xdb3516f12077c05f7e3c779e239edc21f05c9451b6406229f5e427804aa237c6,SELL,145841.20266,60.0,2430.6867110000003,aEthWETH,aEthUSDT/aEthWETH
1730848727 W SELL 322.98055106293424 aEthWETH of 784970.365354 aEthUSDT at avg price 2430.395152 (at 2024-11-05 23:18:47),1730848727,2024-11-05 23:18:47,0xb280eeb01f4a770547a3d97835b565f2901c5daec686e9fda53673b55f700b9a,SELL,784970.365354,322.98055106293424,2430.3951515676404,aEthWETH,aEthUSDT/aEthWETH
1730848763 W SELL 30.68315235097876 aEthWETH of 74559.00525 aEthUSDT at avg price 2429.965618 (at 2024-11-05 23:19:23),1730848763,2024-11-05 23:19:23,0xb78470bad1ef511a99d99492409b34006e297a2138105e5df244decbbf491438,SELL,74559.00525,30.68315235097876,2429.9656175197933,aEthWETH,aEthUSDT/aEthWETH
1730848799 W SELL 31.86041645960316 aEthWETH of 77405.708696 aEthUSDT at avg price 2429.525954 (at 2024-11-05 23:19:59),1730848799,2024-11-05 23:19:59,0x5b1efa09638aca9ea014124f72c31c9d6631b15bf891ad3dffc88746b50d80ae,SELL,77405.708696,31.86041645960316,2429.525954067335,aEthWETH,aEthUSDT/aEthWETH
1730848847 W SELL 30.731563905777577 aEthWETH of 74651.569852 aEthUSDT at avg price 2429.149720 (at 2024-11-05 23:20:47),1730848847,2024-11-05 23:20:47,0xa46c70585c41da38189525f5a5faf915cdcbce9c4286f9cba80f0c172f012977,SELL,74651.569852,30.731563905777577,2429.1497198411503,aEthWETH,aEthUSDT/aEthWETH
1730848883 W SELL 22.97054183465748 aEthWETH of 55793.71096 aEthUSDT at avg price 2428.924462 (at 2024-11-05 23:21:23),1730848883,2024-11-05 23:21:23,0x24185a5f801c8a1ffe4cd06390bee9640cf15658c824937e1a682269bef224fe,SELL,55793.71096,22.97054183465748,2428.9244616694064,aEthWETH,aEthUSDT/aEthWETH
1730848919 W SELL 20.673487651191728 aEthWETH of 50211.866836 aEthUSDT at avg price 2428.804839 (at 2024-11-05 23:21:59),1730848919,2024-11-05 23:21:59,0x2bf077838db48e2b9a3d24b26bdfd43976e109ac5a763b4f8ca232879555666d,SELL,50211.866836,20.673487651191728,2428.8048385055886,aEthWETH,aEthUSDT/aEthWETH
1730848991 W SELL 37.21227777214512 aEthWETH of 90376.729359 aEthUSDT at avg price 2428.680392 (at 2024-11-05 23:23:11),1730848991,2024-11-05 23:23:11,0x54bb132805bdb2ee2b867a2085a8a58828a3ca69c4fd90486095f19722352cef,SELL,90376.729359,37.21227777214512,2428.68039178861,aEthWETH,aEthUSDT/aEthWETH
1730849015 W SELL 13.991816442326565 aEthWETH of 33981.093449 aEthUSDT at avg price 2428.640598 (at 2024-11-05 23:23:35),1730849015,2024-11-05 23:23:35,0x0a18ff1d49b7cc24556d3f9148aa860451fc251708adf37ea665aef73a814bfe,SELL,33981.093449,13.991816442326565,2428.6405978143043,aEthWETH,aEthUSDT/aEthWETH
1730849039 W SELL 11.88 aEthWETH of 28845.717348 aEthUSDT at avg price 2428.090686 (at 2024-11-05 23:23:59),1730849039,2024-11-05 23:23:59,0xdb3d1db4b47095e773389e005185e753e2b504275bf074e1df59d2d2ab8202fe,SELL,28845.717348,11.88,2428.0906858585854,aEthWETH,aEthUSDT/aEthWETH
1730849039 W SELL 24.0 aEthWETH of 58274.176459 aEthUSDT at avg price 2428.090686 (at 2024-11-05 23:23:59),1730849039,2024-11-05 23:23:59,0xf5b94d9922a2fce405e1ef9a6c277003fe4ef8dae0f965f00ecaa542f83df6e3,SELL,58274.176459,24.0,2428.0906857916666,aEthWETH,aEthUSDT/aEthWETH
1730849051 W SELL 11.94504 aEthWETH of 28995.227214 aEthUSDT at avg price 2427.386364 (at 2024-11-05 23:24:11),1730849051,2024-11-05 23:24:11,0x52961122da1baa90b802bc9320b16ae9ac390b52d5a59523fd050c10e7841bf2,SELL,28995.227214,11.94504,2427.3863640473364,aEthWETH,aEthUSDT/aEthWETH
1730849063 W SELL 5.99052168 aEthWETH of 14537.085604 aEthUSDT at avg price 2426.681077 (at 2024-11-05 23:24:23),1730849063,2024-11-05 23:24:23,0xfde1e262c9d571715a75c542ad99f02dfeed7bc4c96bf43fc881bcfe0a012330,SELL,14537.085604,5.99052168,2426.681077298096,aEthWETH,aEthUSDT/aEthWETH
1730849063 W SELL 14.94021672 aEthWETH of 36255.141203 aEthUSDT at avg price 2426.681077 (at 2024-11-05 23:24:23),1730849063,2024-11-05 23:24:23,0x2d799ee92ee2a4b72ef240f82a2b74708f5f60e0eb1c2c90f2b83f3b7af12df1,SELL,36255.141203,14.94021672,2426.6810771537453,aEthWETH,aEthUSDT/aEthWETH
1730849075 W SELL 3.53657304 aEthWETH of 8579.631189 aEthUSDT at avg price 2425.973136 (at 2024-11-05 23:24:35),1730849075,2024-11-05 23:24:35,0xd88d31349273666b945b2caeb3a5fa5e7e2d276ca407aa9039ca70c91f007870,SELL,8579.631189,3.53657304,2425.9731361295453,aEthWETH,aEthUSDT/aEthWETH
1730849075 W SELL 14.969159705734183 aEthWETH of 36340.690574 aEthUSDT at avg price 2427.704112 (at 2024-11-05 23:24:35),1730849075,2024-11-05 23:24:35,0x87e97c3012072a9732426d41747ad419f9515e9ecf1a36fda662cce63b52a970,SELL,36340.690574,14.969159705734183,2427.7041122140677,aEthWETH,aEthUSDT/aEthWETH
1730849075 W SELL 10.97059392 aEthWETH of 26614.366137 aEthUSDT at avg price 2425.973136 (at 2024-11-05 23:24:35),1730849075,2024-11-05 23:24:35,0x0a2af8d9a65a1f8924eb67c4a9571d973a6a9ff4d78abef91642a22f41ef8ca9,SELL,26614.366137,10.97059392,2425.9731361016416,aEthWETH,aEthUSDT/aEthWETH
1730849075 W SELL 36.08748 aEthWETH of 87547.257029 aEthUSDT at avg price 2425.973136 (at 2024-11-05 23:24:35),1730849075,2024-11-05 23:24:35,0xf5274df4e0750a4f666560a530cdc0332b29edbc59a111c2a51109d00f42281b,SELL,87547.257029,36.08748,2425.9731360848696,aEthWETH,aEthUSDT/aEthWETH
1730860403 W BUY 214.3354343258532 aEthWETH of 546940.694546 aEthUSDT at avg price 2551.797822 (at 2024-11-06 02:33:23),1730860403,2024-11-06 02:33:23,0xef22000ea8fbf56d2e5a1874d5f7ae498c0279d2ea27a719064a4b73bb9757f3,BUY,546940.694546,214.3354343258532,2551.797822260637,aEthWETH,aEthUSDT/aEthWETH
1730860787 W BUY 512.397302963197 aEthWETH of 1312663.501698 aEthUSDT at avg price 2561.807984 (at 2024-11-06 02:39:47),1730860787,2024-11-06 02:39:47,0xbde50162e64085f0db8b8833bcbb1b880adf16964e810224376220552cbe53e6,BUY,1312663.501698,512.397302963197,2561.8079839742677,aEthWETH,aEthUSDT/aEthWETH
1730860787 W BUY 222.06990606031124 aEthWETH of 568818.322328 aEthUSDT at avg price 2561.438118 (at 2024-11-06 02:39:47),1730860787,2024-11-06 02:39:47,0x08e2cefafd3e648a13e3feb6c1db5968492e873fd46652543060e8bd0d124bdd,BUY,568818.322328,222.06990606031124,2561.438118380239,aEthWETH,aEthUSDT/aEthWETH
1730860799 W BUY 88.81327704750848 aEthWETH of 227528.340296 aEthUSDT at avg price 2561.873043 (at 2024-11-06 02:39:59),1730860799,2024-11-06 02:39:59,0xec8fad7dc3b8989338cc63611daa7d98ea0e9c01a9173f388da7e509155cf4a5,BUY,227528.340296,88.81327704750848,2561.8730426340344,aEthWETH,aEthUSDT/aEthWETH
1730860811 W BUY 12.633001543792084 aEthWETH of 32378.889117 aEthUSDT at avg price 2563.040067 (at 2024-11-06 02:40:11),1730860811,2024-11-06 02:40:11,0x811473d761d53025cd3c1217b6515d9c3e84eeda86d23c77f6224a15e65f34c8,BUY,32378.889117,12.633001543792084,2563.040066508275,aEthWETH,aEthUSDT/aEthWETH
1730860847 W BUY 15.163553870609483 aEthWETH of 38854.83965 aEthUSDT at avg price 2562.383461 (at 2024-11-06 02:40:47),1730860847,2024-11-06 02:40:47,0x9dac19205a6abda79a44137b1fcfe807e208e740c99b5a4ad67ca8cd179ca6cc,BUY,38854.83965,15.163553870609483,2562.383461129767,aEthWETH,aEthUSDT/aEthWETH
1730860931 W BUY 2.937729567792204 aEthWETH of 7529.15911 aEthUSDT at avg price 2562.917701 (at 2024-11-06 02:42:11),1730860931,2024-11-06 02:42:11,0x2ab9538c2a106e3d3910294ddfe78414cb9f28c330c9631129e5c9136e69462b,BUY,7529.15911,2.937729567792204,2562.917700984437,aEthWETH,aEthUSDT/aEthWETH
1730878175 W SELL 189.63332166666663 aEthWETH of 496680.101387 aEthUSDT at avg price 2619.160478 (at 2024-11-06 07:29:35),1730878175,2024-11-06 07:29:35,0x423a7eaa4aae9343cf41737a0dab44450870a2e4139cbf13de18d9392f3c6e81,SELL,496680.101387,189.63332166666663,2619.160477819682,aEthWETH,aEthUSDT/aEthWETH
1730878175 W SELL 113.779993 aEthWETH of 298008.060832 aEthUSDT at avg price 2619.160478 (at 2024-11-06 07:29:35),1730878175,2024-11-06 07:29:35,0x6212ac39fa59a6badcbf7acb83441ef57622aa5b3ab2de9f699d48fc8c7dce04,SELL,298008.060832,113.779993,2619.1604778179235,aEthWETH,aEthUSDT/aEthWETH
1730878187 W SELL 132.74332516666666 aEthWETH of 347633.727702 aEthUSDT at avg price 2618.841492 (at 2024-11-06 07:29:47),1730878187,2024-11-06 07:29:47,0xc349b7b5356a47e5ed6bd88350d6cf438ddc95c24f2dda33bb943cc9f46f5b68,SELL,347633.727702,132.74332516666666,2618.8414917701243,aEthWETH,aEthUSDT/aEthWETH
1730878283 W SELL 379.6460412906444 aEthWETH of 991966.083043 aEthUSDT at avg price 2612.870872 (at 2024-11-06 07:31:23),1730878283,2024-11-06 07:31:23,0xae16790676ae84109952d59f76d37d5874634235b167a5e0c74c14113366d46c,SELL,991966.083043,379.6460412906444,2612.8708722227493,aEthWETH,aEthUSDT/aEthWETH
1730878307 W SELL 126.54868043021476 aEthWETH of 330645.354237 aEthUSDT at avg price 2612.791798 (at 2024-11-06 07:31:47),1730878307,2024-11-06 07:31:47,0x38d1a04c9cde0fbc25b205b2485be46777d386045b88cb844c3696b3a4f6399c,SELL,330645.354237,126.54868043021476,2612.7917976934914,aEthWETH,aEthUSDT/aEthWETH
1730878343 W SELL 44.24777505555556 aEthWETH of 115708.077153 aEthUSDT at avg price 2615.003286 (at 2024-11-06 07:32:23),1730878343,2024-11-06 07:32:23,0x91ba64f392d2883e3c45876d3cbc65bffff339020df113473bcfdfb3a4c03623,SELL,115708.077153,44.24777505555556,2615.0032856504545,aEthWETH,aEthUSDT/aEthWETH
1730878379 W SELL 66.37166258333333 aEthWETH of 173520.168353 aEthUSDT at avg price 2614.371278 (at 2024-11-06 07:32:59),1730878379,2024-11-06 07:32:59,0x477a3b16e1af2f5ed45e728bb54de6a1ad32c127dd821fb3046871cfc7755bb6,SELL,173520.168353,66.37166258333333,2614.3712783318592,aEthWETH,aEthUSDT/aEthWETH
1730878415 W SELL 12.907965403881906 aEthWETH of 33720.78626 aEthUSDT at avg price 2612.401351 (at 2024-11-06 07:33:35),1730878415,2024-11-06 07:33:35,0xd747a725470a31d760115cc0156ee8cc4503933cc28550cf87667b6888e426ff,SELL,33720.78626,12.907965403881906,2612.401351018411,aEthWETH,aEthUSDT/aEthWETH
1730878523 W SELL 3.021320188188887 aEthWETH of 7894.344854 aEthUSDT at avg price 2612.879259 (at 2024-11-06 07:35:23),1730878523,2024-11-06 07:35:23,0x4cfa5c5f2c31fa78d1dcbc947b7fe3acb4625e90a96b1140ef2e8c9b162726be,SELL,7894.344854,3.021320188188887,2612.8792588289757,aEthWETH,aEthUSDT/aEthWETH
1730879303 W SELL 112.4228742 aEthWETH of 291905.677127 aEthUSDT at avg price 2596.497192 (at 2024-11-06 07:48:23),1730879303,2024-11-06 07:48:23,0x7be8cb8006c2d27ed910f9a3dc297a48cd73f0739a3fd9c9b5f0e5d0ff09bedb,SELL,291905.677127,112.4228742,2596.497191556414,aEthWETH,aEthUSDT/aEthWETH
1730879363 W SELL 168.63431129999998 aEthWETH of 437605.970264 aEthUSDT at avg price 2594.999599 (at 2024-11-06 07:49:23),1730879363,2024-11-06 07:49:23,0x7850f51678123181eb08e5b1c2b8eb1cbb3e29774d16bf974b534b19a6fcbb8e,SELL,437605.970264,168.63431129999998,2594.9995993727525,aEthWETH,aEthUSDT/aEthWETH
1730879447 W SELL 843.1715565 aEthWETH of 2186613.37637 aEthUSDT at avg price 2593.319663 (at 2024-11-06 07:50:47),1730879447,2024-11-06 07:50:47,0x0cd550e6882a8a58bc8d04aed52191444a45ea0d332c25ff58791dfdb80e5c56,SELL,2186613.37637,843.1715565,2593.3196625448554,aEthWETH,aEthUSDT/aEthWETH
1730879579 W SELL 112.4230302 aEthWETH of 292381.478805 aEthUSDT at avg price 2600.725832 (at 2024-11-06 07:52:59),1730879579,2024-11-06 07:52:59,0x3bd9d4d6fae816eeec42fe58676ce89a5b3ee1afa838df1774ecc67bc307b109,SELL,292381.478805,112.4230302,2600.7258324638187,aEthWETH,aEthUSDT/aEthWETH
1730879627 W SELL 101.18072718 aEthWETH of 263139.678626 aEthUSDT at avg price 2600.689736 (at 2024-11-06 07:53:47),1730879627,2024-11-06 07:53:47,0x4e27b9728869de855adf621beac9dbb9c478f651796c2876de32e6e3ae195801,SELL,263139.678626,101.18072718,2600.689735683317,aEthWETH,aEthUSDT/aEthWETH
1730879687 W SELL 224.8460604 aEthWETH of 585401.979956 aEthUSDT at avg price 2603.567876 (at 2024-11-06 07:54:47),1730879687,2024-11-06 07:54:47,0x5a7367fcb74954587080de5e21d25b79606b538948bc07a2c0a988d6fbe49aab,SELL,585401.979956,224.8460604,2603.567876237515,aEthWETH,aEthUSDT/aEthWETH
1730879687 W SELL 91.062654462 aEthWETH of 236822.400215 aEthUSDT at avg price 2600.653381 (at 2024-11-06 07:54:47),1730879687,2024-11-06 07:54:47,0x5b62a360230a358d74af6aefc1189814ab263691c1e4c01a95d730e9e1274eda,SELL,236822.400215,91.062654462,2600.6533810611113,aEthWETH,aEthUSDT/aEthWETH
1730879711 W SELL 169.3393994547206 aEthWETH of 439435.741585 aEthUSDT at avg price 2595.000000 (at 2024-11-06 07:55:11),1730879711,2024-11-06 07:55:11,0x326437b93d4a1ae67d0c21422cb6a07ca529c5f8b16c7f3cf9430ee15c4f6871,SELL,439435.741585,169.3393994547206,2595.0000000000005,aEthWETH,aEthUSDT/aEthWETH
1730879723 W SELL 169.3393994547206 aEthWETH of 439435.741585 aEthUSDT at avg price 2595.000000 (at 2024-11-06 07:55:23),1730879723,2024-11-06 07:55:23,0x86188e6784a6edeb6532fc42a9b75a75b5d2b2727a85c1394f7bb905c4dab52f,SELL,439435.741585,169.3393994547206,2595.0000000000005,aEthWETH,aEthUSDT/aEthWETH
1730879723 W SELL 275.1743794373796 aEthWETH of 714077.51464 aEthUSDT at avg price 2595.000000 (at 2024-11-06 07:55:23),1730879723,2024-11-06 07:55:23,0xe526a320f0396672c9a5496f6c56513132064ea5197cd9310d4725ac170a0dac,SELL,714077.51464,275.1743794373796,2594.9999999999995,aEthWETH,aEthUSDT/aEthWETH
1730879723 W SELL 92.25734669402696 aEthWETH of 239407.814671 aEthUSDT at avg price 2595.000000 (at 2024-11-06 07:55:23),1730879723,2024-11-06 07:55:23,0x0530b9eef2a071d0253097d91d389f84df773831f2314579e5ce352b6a77ef9b,SELL,239407.814671,92.25734669402696,2595.0000000000005,aEthWETH,aEthUSDT/aEthWETH
1730879735 W SELL 114.59993330751443 aEthWETH of 297386.826933 aEthUSDT at avg price 2595.000000 (at 2024-11-06 07:55:35),1730879735,2024-11-06 07:55:35,0xbd1d1cd3104396b6277d9e8d1eabc640d1f0980a85702d9f3b2726cc29910089,SELL,297386.826933,114.59993330751443,2595.0000000000005,aEthWETH,aEthUSDT/aEthWETH
1730879735 W SELL 56.630764516377646 aEthWETH of 146956.83392 aEthUSDT at avg price 2595.000000 (at 2024-11-06 07:55:35),1730879735,2024-11-06 07:55:35,0x978a1c6132b5a73d8c32086083445472ef451d23fdf87a4eac10375ad48f084b,SELL,146956.83392,56.630764516377646,2595.0000000000005,aEthWETH,aEthUSDT/aEthWETH
1730879735 W SELL 56.7875139911368 aEthWETH of 147363.598807 aEthUSDT at avg price 2595.000000 (at 2024-11-06 07:55:35),1730879735,2024-11-06 07:55:35,0x32937620b729573963cb129fdbd9c58ffbf2df69ac93cdb8ae5ddc206f014345,SELL,147363.598807,56.7875139911368,2595.0,aEthWETH,aEthUSDT/aEthWETH
1730879735 W SELL 29.225197783429675 aEthWETH of 75839.388248 aEthUSDT at avg price 2595.000000 (at 2024-11-06 07:55:35),1730879735,2024-11-06 07:55:35,0x9e5641a1c8acd4b8bd5e7f48588b860a8923ea5882a26b9a3382c8e9e342de73,SELL,75839.388248,29.225197783429675,2595.0,aEthWETH,aEthUSDT/aEthWETH
1730879747 W SELL 160.87636698458573 aEthWETH of 417474.172325 aEthUSDT at avg price 2595.000000 (at 2024-11-06 07:55:47),1730879747,2024-11-06 07:55:47,0x11d5321d817fe71041b58a7b7da6b371ae6cc4ef1a03e743ce7c8adb34dbee96,SELL,417474.172325,160.87636698458573,2595.0,aEthWETH,aEthUSDT/aEthWETH
1730879867 W SELL 337.2690906 aEthWETH of 877393.412702 USDT at avg price 2601.464045 (at 2024-11-06 07:57:47),1730879867,2024-11-06 07:57:47,0xcb459883aa82e62556e8264529cb3666b2d7354e052094d5ffa95128136f4bb2,SELL,877393.412702,337.2690906,2601.4640450481884,aEthWETH,USDT/aEthWETH
1730879879 W SELL 359.75369664 aEthWETH of 934578.63991 aEthUSDT at avg price 2597.829150 (at 2024-11-06 07:57:59),1730879879,2024-11-06 07:57:59,0xeb7de5aecdf21e247769bc7b9a6274472c7e55cfdbbddffaf472b3c3fc31229f,SELL,934578.63991,359.75369664,2597.829149884229,aEthWETH,aEthUSDT/aEthWETH
1730879879 W SELL 786.9612114 aEthWETH of 2046372.082094 USDT at avg price 2600.346818 (at 2024-11-06 07:57:59),1730879879,2024-11-06 07:57:59,0xb488e737fd5d1ea0f0756e9e3a55f8977add04947b4dd2e4b1ff1e376eac4ecc,SELL,2046372.082094,786.9612114,2600.3468181786425,aEthWETH,USDT/aEthWETH
1730880035 W SELL 86.2276383199065 aEthWETH of 223970.823147 USDT at avg price 2597.436594 (at 2024-11-06 08:00:35),1730880035,2024-11-06 08:00:35,0xd0dd70da3bf257420d4b7041b6f4c40cdfc8565b9f2a696a1c5c2e21acd3668a,SELL,223970.823147,86.2276383199065,2597.4365935439764,aEthWETH,USDT/aEthWETH
1730880095 W SELL 163.9127780316 aEthWETH of 424704.231713 aEthUSDT at avg price 2591.037970 (at 2024-11-06 08:01:35),1730880095,2024-11-06 08:01:35,0xf8be425c1f5a031d09c93fb24990083c598d37a9278f81a7378177c2d4df394a,SELL,424704.231713,163.9127780316,2591.0379703962017,aEthWETH,aEthUSDT/aEthWETH
1730880143 W SELL 131.13022242528 aEthWETH of 339376.465385 aEthUSDT at avg price 2588.087316 (at 2024-11-06 08:02:23),1730880143,2024-11-06 08:02:23,0xfcb20686bb3cc26e98fba49cfb9d28f34a95add5fee2db8150adba43fa212867,SELL,339376.465385,131.13022242528,2588.0873158617715,aEthWETH,aEthUSDT/aEthWETH
1730880143 W SELL 10.4904177940224 aEthWETH of 27150.117231 aEthUSDT at avg price 2588.087316 (at 2024-11-06 08:02:23),1730880143,2024-11-06 08:02:23,0x734bdc6e89898402cc24919cdd8448df433118dded17c879968e014f743b39a9,SELL,27150.117231,10.4904177940224,2588.0873158808363,aEthWETH,aEthUSDT/aEthWETH
1730880383 W SELL 376.4123779219759 aEthWETH of 973061.827499 USDT at avg price 2585.095190 (at 2024-11-06 08:06:23),1730880383,2024-11-06 08:06:23,0x9e58d5331fa4bf3c5ebf35a6de21c43bc66f410545f6d57436d91babdb1365e5,SELL,973061.827499,376.4123779219759,2585.0951896717374,aEthWETH,USDT/aEthWETH
1730880479 W SELL 87.68996355600001 aEthWETH of 226443.02273 USDT at avg price 2582.314025 (at 2024-11-06 08:07:59),1730880479,2024-11-06 08:07:59,0xb00654fb7182f653a1e591874bd7aae6043e211af2c3658791d20f8782c4d377,SELL,226443.02273,87.68996355600001,2582.3140248586187,aEthWETH,USDT/aEthWETH
1730880539 W SELL 6.413192704071324 aEthWETH of 16561.156597 USDT at avg price 2582.357550 (at 2024-11-06 08:08:59),1730880539,2024-11-06 08:08:59,0x58b8ffd8e9daf87a1715e6c08f2186f5b9474bfba01daa92deef0ddd45d6d071,SELL,16561.156597,6.413192704071324,2582.3575496938342,aEthWETH,USDT/aEthWETH
1731030191 W BUY 688.0083539040536 WETH of 2000000.0 aEthUSDT at avg price 2906.941447 (at 2024-11-08 01:43:11),1731030191,2024-11-08 01:43:11,0xe0f096efc721e9d66fba74dc8132eb539e00d1470c8025f7868e95bced0203d8,BUY,2000000.0,688.0083539040536,2906.941447223925,WETH,aEthUSDT/WETH
1731030191 W BUY 447.20543003763487 WETH of 1300000.0 aEthUSDT at avg price 2906.941447 (at 2024-11-08 01:43:11),1731030191,2024-11-08 01:43:11,0xfd82ccc5870870eed116daf6c43c4a0a17edac7311da0076f541c11d19eaac54,BUY,1300000.0,447.20543003763487,2906.941447223925,WETH,aEthUSDT/WETH
1731030215 W BUY 97.45632066980605 WETH of 283333.333333 aEthUSDT at avg price 2907.285350 (at 2024-11-08 01:43:35),1731030215,2024-11-08 01:43:35,0x71265d0f709966cd9c6fde87069111959f941b1f0adb5f921edab9f53b959766,BUY,283333.333333,97.45632066980605,2907.285349843732,WETH,aEthUSDT/WETH
1731030215 W BUY 152.0318602450763 WETH of 442000.0 aEthUSDT at avg price 2907.285350 (at 2024-11-08 01:43:35),1731030215,2024-11-08 01:43:35,0x09d578914207191161c566e684737a4db17386c553e3e9362ae213f2ab9ff2ed,BUY,442000.0,152.0318602450763,2907.2853498437316,WETH,aEthUSDT/WETH
1731030239 W BUY 335.21170938387263 WETH of 974666.666667 aEthUSDT at avg price 2907.615216 (at 2024-11-08 01:43:59),1731030239,2024-11-08 01:43:59,0x433edcfd0a697c267b7ee14f8c7920deed7020b72939f9a41dd800cec61e4889,BUY,974666.666667,335.21170938387263,2907.615215645245,WETH,aEthUSDT/WETH
1731030239 W BUY 344.31737196962774 WETH of 1000000.0 aEthUSDT at avg price 2904.297260 (at 2024-11-08 01:43:59),1731030239,2024-11-08 01:43:59,0x89ba5ed5157417d4b8c70024add87a0a54117a60f5af4a0fb1abd469361f8472,BUY,1000000.0,344.31737196962774,2904.297260052885,WETH,aEthUSDT/WETH
1731030443 W BUY 514.7045625420074 WETH of 1500000.0 aEthUSDT at avg price 2914.293187 (at 2024-11-08 01:47:23),1731030443,2024-11-08 01:47:23,0x94f04715318d31ae57399d7d5e29611f9954fd681b707c87b31baba7d73b4e49,BUY,1500000.0,514.7045625420074,2914.2931871282535,WETH,aEthUSDT/WETH
1731030515 W BUY 27.609313217528243 WETH of 80500.0 aEthUSDT at avg price 2915.682812 (at 2024-11-08 01:48:35),1731030515,2024-11-08 01:48:35,0x5ae892d2e1231fb74f92ed9efae18c964b18bf3158ba805606cf7a7ec7074d59,BUY,80500.0,27.609313217528243,2915.6828120191417,WETH,aEthUSDT/WETH
1731030515 W BUY 72.02429535007369 WETH of 210000.0 aEthUSDT at avg price 2915.682812 (at 2024-11-08 01:48:35),1731030515,2024-11-08 01:48:35,0xa95186677e08acbc19d3bcde88175a16553ac094b3a2e51deb56d00960fea16e,BUY,210000.0,72.02429535007369,2915.6828120191412,WETH,aEthUSDT/WETH
1731030515 W BUY 72.02429535007369 WETH of 210000.0 aEthUSDT at avg price 2915.682812 (at 2024-11-08 01:48:35),1731030515,2024-11-08 01:48:35,0x0b223063de5cfbde1c8a6abc59a40dc5e9c73790c9ffdc18cb73bd218a37f7fc,BUY,210000.0,72.02429535007369,2915.6828120191412,WETH,aEthUSDT/WETH
1731030527 W BUY 77.93202385818736 WETH of 227561.509665 aEthUSDT at avg price 2920.000000 (at 2024-11-08 01:48:47),1731030527,2024-11-08 01:48:47,0xd1802e588fcf640c99566705ff99502a51ea265d916075b316828ca53412dadb,BUY,227561.509665,77.93202385818736,2919.9999999883603,WETH,aEthUSDT/WETH
1731030527 W BUY 116.86754867544836 WETH of 341253.242132 aEthUSDT at avg price 2920.000000 (at 2024-11-08 01:48:47),1731030527,2024-11-08 01:48:47,0x71d2a3f0f64d33a5498d02a1631b6192b7e1dd01f33d295a6625773eb80d802c,BUY,341253.242132,116.86754867544836,2919.999999997354,WETH,aEthUSDT/WETH
1731030527 W BUY 162.52100883528738 WETH of 474561.345799 aEthUSDT at avg price 2920.000000 (at 2024-11-08 01:48:47),1731030527,2024-11-08 01:48:47,0x1dc3f0c6a8eea2bf10985f62d04c37d84379e2f33fda4cd4b6817bb69cba48cc,BUY,474561.345799,162.52100883528738,2919.999999999759,WETH,aEthUSDT/WETH
1731030527 W BUY 74.83344714979685 WETH of 218513.665677 aEthUSDT at avg price 2920.000000 (at 2024-11-08 01:48:47),1731030527,2024-11-08 01:48:47,0xfe5f62a16638e4438514ddcf4b10c8bdf2e8b6f48c11fbe45254d8587e4deb1d,BUY,218513.665677,74.83344714979685,2919.999999994564,WETH,aEthUSDT/WETH
1731030539 W BUY 162.37168142061944 WETH of 474125.309748 aEthUSDT at avg price 2920.000000 (at 2024-11-08 01:48:59),1731030539,2024-11-08 01:48:59,0x9354cef1c37d3a445d46e2221bea86076d49fa549a994c880481307a092f6e47,BUY,474125.309748,162.37168142061944,2919.9999999987144,WETH,aEthUSDT/WETH
1731030539 W BUY 74.50148982683888 WETH of 217544.350294 aEthUSDT at avg price 2920.000000 (at 2024-11-08 01:48:59),1731030539,2024-11-08 01:48:59,0x1061db4d2dff1684b06067441f462d0950ff5ef19210ed1311711610da59258a,BUY,217544.350294,74.50148982683888,2919.99999999504,WETH,aEthUSDT/WETH
1731030539 W BUY 25.43659387378532 WETH of 74274.854111 aEthUSDT at avg price 2920.000000 (at 2024-11-08 01:48:59),1731030539,2024-11-08 01:48:59,0x6e4ce9f8c83a1c565958e6c7dd8e1723d815a61f3f589ef34a987b5b31d0a64e,BUY,74274.854111,25.43659387378532,2919.9999999821853,WETH,aEthUSDT/WETH
1731030539 W BUY 75.39107715333041 WETH of 220141.945287 aEthUSDT at avg price 2920.000000 (at 2024-11-08 01:48:59),1731030539,2024-11-08 01:48:59,0x3d2a1ceeb0f28d97ed28c44b2ae5f3dca4f6f872398c3d31a2926185b0b4d81e,BUY,220141.945287,75.39107715333041,2919.999999990386,WETH,aEthUSDT/WETH
1731030539 W BUY 40.3461851431321 WETH of 117810.860617 aEthUSDT at avg price 2920.000000 (at 2024-11-08 01:48:59),1731030539,2024-11-08 01:48:59,0x285bb5f72a70bfcf265efb27d4e04bac09a6f8ffc4449efb1178663b78c71873,BUY,117810.860617,40.3461851431321,2919.9999999765596,WETH,aEthUSDT/WETH
1731030539 W BUY 171.72167468149144 WETH of 500000.0 aEthUSDT at avg price 2911.688352 (at 2024-11-08 01:48:59),1731030539,2024-11-08 01:48:59,0xb8f9aa62fcec941344a7ac0dd95a52954e8b67b927f8caf167d1ad9991a559c8,BUY,500000.0,171.72167468149144,2911.688352256043,WETH,aEthUSDT/WETH
1731030539 W BUY 158.01305908541744 WETH of 461398.132529 aEthUSDT at avg price 2920.000000 (at 2024-11-08 01:48:59),1731030539,2024-11-08 01:48:59,0xfce369a63151cd76a73393524c83da6c1a78f0729a2c05881e2363edcd60f6ee,BUY,461398.132529,158.01305908541744,2919.999999997349,WETH,aEthUSDT/WETH
1731030539 W BUY 80.70260257219746 WETH of 235651.59951 aEthUSDT at avg price 2920.000000 (at 2024-11-08 01:48:59),1731030539,2024-11-08 01:48:59,0x64d7139c94c960dc3e28c8927f18036b9d970bb7f97e8e16646a3d66010230ac,BUY,235651.59951,80.70260257219746,2919.9999999898814,WETH,aEthUSDT/WETH
1731030551 W BUY 19.24637597713349 WETH of 56199.417853 aEthUSDT at avg price 2920.000000 (at 2024-11-08 01:49:11),1731030551,2024-11-08 01:49:11,0x40d75715d41707274ab233f3931a4cbdd29b387690dfac896e2590bb3df31e3b,BUY,56199.417853,19.24637597713349,2919.9999999880606,WETH,aEthUSDT/WETH
1731030551 W BUY 25.43659387378532 WETH of 74274.854111 aEthUSDT at avg price 2920.000000 (at 2024-11-08 01:49:11),1731030551,2024-11-08 01:49:11,0xbcdef479bb961876e43a32feb99d606817019ad424137ab7e839a861a3a402ea,BUY,74274.854111,25.43659387378532,2919.9999999821853,WETH,aEthUSDT/WETH
1731030551 W BUY 21.548333026506988 WETH of 62921.132437 aEthUSDT at avg price 2920.000000 (at 2024-11-08 01:49:11),1731030551,2024-11-08 01:49:11,0x695c83f3ecacfc8e2a0bf4b7fea6cdea667d981bd946a7fce483dd7711703516,BUY,62921.132437,21.548333026506988,2919.999999981418,WETH,aEthUSDT/WETH
1731030551 W BUY 54.6097909027369 WETH of 159460.589435 aEthUSDT at avg price 2920.000000 (at 2024-11-08 01:49:11),1731030551,2024-11-08 01:49:11,0xe883f27e837d233c093460be8aca87b6c3cf8016aceee00c10c1d6af1cd88a23,BUY,159460.589435,54.6097909027369,2919.9999999818397,WETH,aEthUSDT/WETH
1731030551 W BUY 24.432280796633563 WETH of 71342.259926 aEthUSDT at avg price 2920.000000 (at 2024-11-08 01:49:11),1731030551,2024-11-08 01:49:11,0xf7b162a2c3b0e71b74ee091652d5f659bc5d21b8dabdff6363c6163f1ee5d23e,BUY,71342.259926,24.432280796633563,2919.999999993042,WETH,aEthUSDT/WETH
1731030551 W BUY 16.016203841208792 WETH of 46767.315216 aEthUSDT at avg price 2920.000000 (at 2024-11-08 01:49:11),1731030551,2024-11-08 01:49:11,0xf3d188c8bfbccb57ce9feeeb852c5e0851498c5efdbaa052bbd3dcd2a2890c73,BUY,46767.315216,16.016203841208792,2919.9999999794163,WETH,aEthUSDT/WETH
1731030563 W BUY 54.6097909027369 WETH of 159460.589435 aEthUSDT at avg price 2920.000000 (at 2024-11-08 01:49:23),1731030563,2024-11-08 01:49:23,0x0d2df23f1694c17ed7f6805730e11286768953d2c105f4f959c8de0eaaa2da11,BUY,159460.589435,54.6097909027369,2919.9999999818397,WETH,aEthUSDT/WETH
1731030563 W BUY 11.315486658920724 WETH of 32994.5 aEthUSDT at avg price 2915.871053 (at 2024-11-08 01:49:23),1731030563,2024-11-08 01:49:23,0x87e249f5f1ccfc6c65e0b26099fc63aa11746dd432609bc6a88e7504bd520460,BUY,32994.5,11.315486658920724,2915.8710530570347,WETH,aEthUSDT/WETH
1731030563 W BUY 162.37168142061944 WETH of 474125.309748 aEthUSDT at avg price 2920.000000 (at 2024-11-08 01:49:23),1731030563,2024-11-08 01:49:23,0xdbb7ac9b8e6ebbadede05434c543675fc147eb7185d0f8ba8648761150eb1593,BUY,474125.309748,162.37168142061944,2919.9999999987144,WETH,aEthUSDT/WETH
1731030563 W BUY 57.73065692868016 WETH of 168573.518231 aEthUSDT at avg price 2920.000000 (at 2024-11-08 01:49:23),1731030563,2024-11-08 01:49:23,0x3168931f5028fe501fb79acde3b04d0a33869d5f5ed260e6cc354c1a0b5c56e0,BUY,168573.518231,57.73065692868016,2919.9999999870765,WETH,aEthUSDT/WETH
1731030575 W BUY 54.6097909027369 WETH of 159460.589435 aEthUSDT at avg price 2920.000000 (at 2024-11-08 01:49:35),1731030575,2024-11-08 01:49:35,0xbd5a2663fb9c4bd3db444e47a05231844725a1c658d087f3e6c2a671cc4c5182,BUY,159460.589435,54.6097909027369,2919.9999999818397,WETH,aEthUSDT/WETH
1731030575 W BUY 18.73655558606844 WETH of 54710.742311 aEthUSDT at avg price 2920.000000 (at 2024-11-08 01:49:35),1731030575,2024-11-08 01:49:35,0x15ce313d663dd8bd97d287bc519ebaf42a0c4327db4c253562e706cedf21858e,BUY,54710.742311,18.73655558606844,2919.9999999829292,WETH,aEthUSDT/WETH
1731030575 W BUY 21.548333026506988 WETH of 62921.132437 aEthUSDT at avg price 2920.000000 (at 2024-11-08 01:49:35),1731030575,2024-11-08 01:49:35,0x769b93cacd7019f1016f408dacb497e8fee99a6e625bcf4653292abb0fb69647,BUY,62921.132437,21.548333026506988,2919.999999981418,WETH,aEthUSDT/WETH
1731030575 W BUY 18.705960268169903 WETH of 54621.403983 aEthUSDT at avg price 2920.000000 (at 2024-11-08 01:49:35),1731030575,2024-11-08 01:49:35,0x19361fd4370f49584d609d4402b970c39a45aa32fc7885d24555c34a791227b3,BUY,54621.403983,18.705960268169903,2919.999999997,WETH,aEthUSDT/WETH
1731030575 W BUY 508.6743742761213 WETH of 1483252.75 aEthUSDT at avg price 2915.917972 (at 2024-11-08 01:49:35),1731030575,2024-11-08 01:49:35,0x620b3ed04f3d2edf134daaafd7753061fffae7c38b0455aa1e80d8c1852c1ff6,BUY,1483252.75,508.6743742761213,2915.917972299609,WETH,aEthUSDT/WETH
1731030575 W BUY 20.941106090524716 WETH of 61148.029784 aEthUSDT at avg price 2920.000000 (at 2024-11-08 01:49:35),1731030575,2024-11-08 01:49:35,0xa7016a1d91e51fe4eef7d9e0d61c8f8b12ec2399a158ee3f665b3d41f99ff404,BUY,61148.029784,20.941106090524716,2919.999999984138,WETH,aEthUSDT/WETH
1731030587 W BUY 92.86859301050043 WETH of 271176.29159 aEthUSDT at avg price 2920.000000 (at 2024-11-08 01:49:47),1731030587,2024-11-08 01:49:47,0x93469d203061db60ac49a0cd9d032cf929f4c46f5ea7d70afc2dba5266918f84,BUY,271176.29159,92.86859301050043,2919.999999992879,WETH,aEthUSDT/WETH
1731030623 W BUY 521.0588102010756 WETH of 1520000.0 aEthUSDT at avg price 2917.137126 (at 2024-11-08 01:50:23),1731030623,2024-11-08 01:50:23,0xe4b8ed8175fd9f911abc4c4779c0cdd8aa158439f27e38205f21c70475a03d09,BUY,1520000.0,521.0588102010756,2917.1371258715208,WETH,aEthUSDT/WETH
1731030623 W BUY 28.79535530058576 WETH of 84000.0 aEthUSDT at avg price 2917.137126 (at 2024-11-08 01:50:23),1731030623,2024-11-08 01:50:23,0xfb1dac5cc8d04ef60d4317847894803b63182da5581115a3090a08634c3c6d1c,BUY,84000.0,28.79535530058576,2917.1371258715203,WETH,aEthUSDT/WETH
1731030635 W BUY 228.47133245437104 WETH of 666666.666666 aEthUSDT at avg price 2917.944494 (at 2024-11-08 01:50:35),1731030635,2024-11-08 01:50:35,0xa5d59fd75bbfdf2cf407124710a965bc1ebf93969dd0eebb88fcfb1f84695c22,BUY,666666.666666,228.47133245437104,2917.9444944111,WETH,aEthUSDT/WETH
1731030647 W BUY 136.81609745799588 WETH of 399333.333333 aEthUSDT at avg price 2918.759859 (at 2024-11-08 01:50:47),1731030647,2024-11-08 01:50:47,0x421f4958cee376d7a16c29880332221d446739a6f8cb37f9dd4a5677f88fd762,BUY,399333.333333,136.81609745799588,2918.7598590553275,WETH,aEthUSDT/WETH
1731030695 W BUY 91.10892144239102 WETH of 266000.0 aEthUSDT at avg price 2919.582361 (at 2024-11-08 01:51:35),1731030695,2024-11-08 01:51:35,0x121fa6737149cb82bd4138c19d198dc357beaabc4e7ad883da71cd2ef76bdfa8,BUY,266000.0,91.10892144239102,2919.5823612970125,WETH,aEthUSDT/WETH
1731030719 W BUY 72.88657144766985 WETH of 212800.0 aEthUSDT at avg price 2919.605022 (at 2024-11-08 01:51:59),1731030719,2024-11-08 01:51:59,0x095f29005ef486ec5fe5d892607eac94bc09b4a40f2601f5c2a5e73c339e5ebe,BUY,212800.0,72.88657144766985,2919.605021520094,WETH,aEthUSDT/WETH
1731030803 W BUY 291.1216579818958 WETH of 851200.000001 aEthUSDT at avg price 2923.863535 (at 2024-11-08 01:53:23),1731030803,2024-11-08 01:53:23,0xfc936062375dac5d8049ee3cb6103e8bc7184d23d4dad5f5d27178bb0c8901bc,BUY,851200.000001,291.1216579818958,2923.863534927842,WETH,aEthUSDT/WETH
1731030839 W BUY 169.25840962982676 WETH of 494417.583333 aEthUSDT at avg price 2921.081348 (at 2024-11-08 01:53:59),1731030839,2024-11-08 01:53:59,0xad141e657e02a6b1eb9d5091227af2f83b0d14e40d2b28c61fa5eb2e76fcbc84,BUY,494417.583333,169.25840962982676,2921.081347829666,WETH,aEthUSDT/WETH
1731030839 W BUY 84.62920481474221 WETH of 247208.791666 aEthUSDT at avg price 2921.081348 (at 2024-11-08 01:53:59),1731030839,2024-11-08 01:53:59,0x38c106f1da5de1235c9709ea908bd0ed8dc0a80fa2a969f83cb18fc58dc3ad7a,BUY,247208.791666,84.62920481474221,2921.081347829666,WETH,aEthUSDT/WETH
1731030851 W BUY 15.233043145353696 WETH of 44497.5825 aEthUSDT at avg price 2921.122331 (at 2024-11-08 01:54:11),1731030851,2024-11-08 01:54:11,0xc76eb34d9e3cf0dedddbd15df31292743af52817874f00238c95c1c02742388f,BUY,44497.5825,15.233043145353696,2921.122330935721,WETH,aEthUSDT/WETH
1731030851 W BUY 92.4468950835809 WETH of 270000.0 aEthUSDT at avg price 2920.595654 (at 2024-11-08 01:54:11),1731030851,2024-11-08 01:54:11,0xe87a0329be4bf5e3208f689da765947f7ee2979c6acbcf9237ab9c45236208ef,BUY,270000.0,92.4468950835809,2920.595653925359,WETH,aEthUSDT/WETH
1731030851 W BUY 25.38840524225616 WETH of 74162.6375 aEthUSDT at avg price 2921.122331 (at 2024-11-08 01:54:11),1731030851,2024-11-08 01:54:11,0xdd8400c2bb68fe9e16518c0ad4e7ddd3ec12b02f216c6c970a131ff8bedadb98,BUY,74162.6375,25.38840524225616,2921.1223309357215,WETH,aEthUSDT/WETH
1731030851 W BUY 29.70443413343972 WETH of 86770.285875 aEthUSDT at avg price 2921.122331 (at 2024-11-08 01:54:11),1731030851,2024-11-08 01:54:11,0x978af6ff079633e45b69f2458f6d3f69e3070761c51e92afaf2fd9ec618f0ede,BUY,86770.285875,29.70443413343972,2921.12233093572,WETH,aEthUSDT/WETH
1731030863 W BUY 30.81549064100537 WETH of 90000.0 aEthUSDT at avg price 2920.609023 (at 2024-11-08 01:54:23),1731030863,2024-11-08 01:54:23,0x87fb8408e9c20bee928db186e7381d190c6a5d1122993d4f3c3441cd8a6859d9,BUY,90000.0,30.81549064100537,2920.6090225361963,WETH,aEthUSDT/WETH
1731030863 W BUY 86.89968360763513 WETH of 253800.0 aEthUSDT at avg price 2920.609023 (at 2024-11-08 01:54:23),1731030863,2024-11-08 01:54:23,0xd4a0a8bc0e2c703d9bd620901d404e8a06a7ce214e8e75547e024f514770113e,BUY,253800.0,86.89968360763513,2920.609022536197,WETH,aEthUSDT/WETH
1731030863 W BUY 69.75182693686574 WETH of 203754.430267 aEthUSDT at avg price 2921.133958 (at 2024-11-08 01:54:23),1731030863,2024-11-08 01:54:23,0x4840b82deee567199e7166f323f2754074707fbd747dffc65975611f57bc6f00,BUY,203754.430267,69.75182693686574,2921.1339575581815,WETH,aEthUSDT/WETH
1731030887 W BUY 16.271370233554812 WETH of 47544.943822 aEthUSDT at avg price 2922.000000 (at 2024-11-08 01:54:47),1731030887,2024-11-08 01:54:47,0x5cb8f1b3efb8412e5fe5a1705fccd4edd622618182118fa9613edb5a8d0b0849,BUY,47544.943822,16.271370233554812,2921.9999999725187,WETH,aEthUSDT/WETH
1731030887 W BUY 51.05839471006159 WETH of 149192.629342 aEthUSDT at avg price 2922.000000 (at 2024-11-08 01:54:47),1731030887,2024-11-08 01:54:47,0xb80c881063a7f815a5ef15c52d16fbe188de32cf882c14353d0df69aec4b2df8,BUY,149192.629342,51.05839471006159,2921.999999984332,WETH,aEthUSDT/WETH
1731030899 W BUY 212.24278812228837 WETH of 621792.0 aEthUSDT at avg price 2929.626045 (at 2024-11-08 01:54:59),1731030899,2024-11-08 01:54:59,0xeb41bf26b251b8b328d09e204da70d69709340b3b43aa80b40d5c64bb2320a56,BUY,621792.0,212.24278812228837,2929.6260452521988,WETH,aEthUSDT/WETH
1731030899 W BUY 113.80459319350771 WETH of 332441.438859 aEthUSDT at avg price 2921.160118 (at 2024-11-08 01:54:59),1731030899,2024-11-08 01:54:59,0xaaa1ce2af6231c31586103c02e898539092be268efff979695ed3eb0a097700c,BUY,332441.438859,113.80459319350771,2921.160117797117,WETH,aEthUSDT/WETH
1731030911 W BUY 289.3528861022645 WETH of 848746.08 aEthUSDT at avg price 2933.255968 (at 2024-11-08 01:55:11),1731030911,2024-11-08 01:55:11,0xade8c691caa5529fd4bc34d55aed7d09f435902ae8df3a51edd8dc88a44a40b7,BUY,848746.08,289.3528861022645,2933.255967939549,WETH,aEthUSDT/WETH
1731030911 W BUY 6.624379260582978 WETH of 19431.0 aEthUSDT at avg price 2933.255968 (at 2024-11-08 01:55:11),1731030911,2024-11-08 01:55:11,0xe889c5af3df28a1ac835facd43ee7a2d2f2deaeb408101b1bbde63eead796a84,BUY,19431.0,6.624379260582978,2933.2559679395495,WETH,aEthUSDT/WETH
1731030911 W BUY 2.6497517042331915 WETH of 7772.4 aEthUSDT at avg price 2933.255968 (at 2024-11-08 01:55:11),1731030911,2024-11-08 01:55:11,0x1b8e0486387c44079f40963dae74a4d144d63f99a9fca88ef296823c933e9a12,BUY,7772.4,2.6497517042331915,2933.255967939549,WETH,aEthUSDT/WETH
1731030911 W BUY 10.599006816932764 WETH of 31089.6 aEthUSDT at avg price 2933.255968 (at 2024-11-08 01:55:11),1731030911,2024-11-08 01:55:11,0x773bfb0b43ef2b3ad8292f809d2537abbd233546f0802531189029239ce02fff,BUY,31089.6,10.599006816932764,2933.2559679395495,WETH,aEthUSDT/WETH
1731030923 W BUY 128.50828516842043 WETH of 377179.0272 aEthUSDT at avg price 2935.056107 (at 2024-11-08 01:55:23),1731030923,2024-11-08 01:55:23,0x0a37bcb83f182a50e758e59a4a538b91ac1748f51903d7d3a8aff98b074fa643,BUY,377179.0272,128.50828516842043,2935.0561071270745,WETH,aEthUSDT/WETH
1731030923 W BUY 128.50828516842043 WETH of 377179.0272 aEthUSDT at avg price 2935.056107 (at 2024-11-08 01:55:23),1731030923,2024-11-08 01:55:23,0x771638eb69b9a2c34d264bfde1bb1aa32017f675ac2a18ed9ae165249d84bbc9,BUY,377179.0272,128.50828516842043,2935.0561071270745,WETH,aEthUSDT/WETH
1731031043 W BUY 50.80970321238716 WETH of 148720.001302 aEthUSDT at avg price 2927.000000 (at 2024-11-08 01:57:23),1731031043,2024-11-08 01:57:23,0x0397ceb48887b27a17540e8664da1ff0389706fdc6032fa2adef36bdf86dcb7d,BUY,148720.001302,50.80970321238716,2926.9999999870647,WETH,aEthUSDT/WETH
1731031043 W BUY 67.67903099807809 WETH of 198096.523731 aEthUSDT at avg price 2927.000000 (at 2024-11-08 01:57:23),1731031043,2024-11-08 01:57:23,0x4990ef51bfe9d66833fdbe6aa83727dcba5c5407451340c1cf538092b9b0c5eb,BUY,198096.523731,67.67903099807809,2926.9999999944653,WETH,aEthUSDT/WETH
1731031055 W BUY 36.27958947360712 WETH of 106190.358389 aEthUSDT at avg price 2927.000000 (at 2024-11-08 01:57:35),1731031055,2024-11-08 01:57:35,0x36c0f4b6700cce70f778a72802764476fe8833797e81f123dcf680cb41b9d923,BUY,106190.358389,36.27958947360712,2926.9999999931633,WETH,aEthUSDT/WETH
1731031055 W BUY 24.29037566374025 WETH of 71097.929567 aEthUSDT at avg price 2927.000000 (at 2024-11-08 01:57:35),1731031055,2024-11-08 01:57:35,0x54a244f85919c63bda299e9d51dc627d1f615109c6e66c826040ac6aa0ee4f61,BUY,71097.929567,24.29037566374025,2926.9999999683946,WETH,aEthUSDT/WETH
1731031091 W BUY 24.29037566374025 WETH of 71097.929567 aEthUSDT at avg price 2927.000000 (at 2024-11-08 01:58:11),1731031091,2024-11-08 01:58:11,0x97b737943f46edf326e25a114bc5b620b81cb25160caee7d84b46ad58a00566e,BUY,71097.929567,24.29037566374025,2926.9999999683946,WETH,aEthUSDT/WETH
1731031115 W BUY 800.0 WETH of 2341600.0 aEthUSDT at avg price 2927.000000 (at 2024-11-08 01:58:35),1731031115,2024-11-08 01:58:35,0xbdc7768b9ae3b13395b83720eeb5c9c443414843a4548ecc6c489ca315fab01e,BUY,2341600.0,800.0,2927.0,WETH,aEthUSDT/WETH
1731031247 W BUY 49.682648517851504 WETH of 145520.477508 aEthUSDT at avg price 2929.000000 (at 2024-11-08 02:00:47),1731031247,2024-11-08 02:00:47,0x008f2a216c364bf7ba56f0ece09841fa00cb2a1523bfc7eeb750c8c3ca8b2465,BUY,145520.477508,49.682648517851504,2928.9999999841584,WETH,aEthUSDT/WETH
1731031247 W BUY 65.81160050051803 WETH of 192762.177866 aEthUSDT at avg price 2929.000000 (at 2024-11-08 02:00:47),1731031247,2024-11-08 02:00:47,0xdae70b85594bba45c15bab4004fc9bbb8a8b911478c7667267d97e79eae2c868,BUY,192762.177866,65.81160050051803,2928.999999999737,WETH,aEthUSDT/WETH
1731031259 W BUY 55.52747172860982 WETH of 162639.964693 aEthUSDT at avg price 2929.000000 (at 2024-11-08 02:00:59),1731031259,2024-11-08 02:00:59,0x8073ec12dc82f02439c571cf25540e67f898b9981d5e370cfb1424a44690e991,BUY,162639.964693,55.52747172860982,2928.999999998232,WETH,aEthUSDT/WETH
1731031259 W BUY 20.09451706277149 WETH of 58856.840476 aEthUSDT at avg price 2929.000000 (at 2024-11-08 02:00:59),1731031259,2024-11-08 02:00:59,0xaab392d4a27e2845d8b1147c4fee57e58b328527747a50f81a7e64e88d1b7979,BUY,58856.840476,20.09451706277149,2928.999999957317,WETH,aEthUSDT/WETH
1731031271 W BUY 49.934407183884815 WETH of 146257.878641 aEthUSDT at avg price 2929.000000 (at 2024-11-08 02:01:11),1731031271,2024-11-08 02:01:11,0xa2956c1a3fda18ccf400a1ae4f1ec07a7a65f094d87e6257d5dbe839d43f555a,BUY,146257.878641,49.934407183884815,2928.9999999880115,WETH,aEthUSDT/WETH
1731031271 W BUY 49.15682720390732 WETH of 143980.34688 aEthUSDT at avg price 2929.000000 (at 2024-11-08 02:01:11),1731031271,2024-11-08 02:01:11,0xc730ad9808d479dbdb7254b8ead6f0f75cf7876a020e09a460e717a97be872f4,BUY,143980.34688,49.15682720390732,2928.999999995025,WETH,aEthUSDT/WETH
1731031271 W BUY 600.0 WETH of 1756200.0 aEthUSDT at avg price 2927.000000 (at 2024-11-08 02:01:11),1731031271,2024-11-08 02:01:11,0x945b2b9ed0af0ae95a976c3c8a18bf85494c64373daaa4f61457b7f46c001558,BUY,1756200.0,600.0,2927.0,WETH,aEthUSDT/WETH
1731031295 W BUY 28.65424645170791 WETH of 83928.287857 aEthUSDT at avg price 2929.000000 (at 2024-11-08 02:01:35),1731031295,2024-11-08 02:01:35,0x102d41f6d9a0443d6a8adfb1e742d964209aacb08745347b7332488cac0d51b8,BUY,83928.287857,28.65424645170791,2928.999999998169,WETH,aEthUSDT/WETH
1731031295 W BUY 61.26375492967135 WETH of 179441.538189 aEthUSDT at avg price 2929.000000 (at 2024-11-08 02:01:35),1731031295,2024-11-08 02:01:35,0x9e5969c7d018987124f683574da2498ac4764ba8eed756822a3141ea6290260b,BUY,179441.538189,61.26375492967135,2928.9999999998795,WETH,aEthUSDT/WETH
1731031295 W BUY 12.750214523101167 WETH of 37345.378338 aEthUSDT at avg price 2929.000000 (at 2024-11-08 02:01:35),1731031295,2024-11-08 02:01:35,0x0912903347f0ab27b83e04a77bb74e620499d80a5e77bdf53b2e20dbaa52efa6,BUY,37345.378338,12.750214523101167,2928.999999987191,WETH,aEthUSDT/WETH
1731031295 W BUY 67.11293631871273 WETH of 196573.790477 aEthUSDT at avg price 2929.000000 (at 2024-11-08 02:01:35),1731031295,2024-11-08 02:01:35,0x04fa0771b8a6ef34e1eefd6b46defed0e5803e930c11a825692ea464effc59a9,BUY,196573.790477,67.11293631871273,2928.999999992407,WETH,aEthUSDT/WETH
1731031295 W BUY 49.934407183884815 WETH of 146257.878641 aEthUSDT at avg price 2929.000000 (at 2024-11-08 02:01:35),1731031295,2024-11-08 02:01:35,0x1742e18ed65c787588d50a695946fa65d458a23f958f7edf9a699672e58f0e8c,BUY,146257.878641,49.934407183884815,2928.9999999880115,WETH,aEthUSDT/WETH
1731031295 W BUY 20.475723867514336 WETH of 59973.395207 aEthUSDT at avg price 2929.000000 (at 2024-11-08 02:01:35),1731031295,2024-11-08 02:01:35,0x7679bd961c4d56000b25075cfaf5e6aa3a468ee8ea27a639252c34584ac8fe5f,BUY,59973.395207,20.475723867514336,2928.9999999536285,WETH,aEthUSDT/WETH
1731031307 W BUY 67.16005396580438 WETH of 196711.798065 aEthUSDT at avg price 2929.000000 (at 2024-11-08 02:01:47),1731031307,2024-11-08 02:01:47,0xc224ea4e9cf1a6df05ddac2e63d08fc5b2a928496413e8f7801caa0bf535af66,BUY,196711.798065,67.16005396580438,2928.999999987477,WETH,aEthUSDT/WETH
1731031319 W BUY 46.23552299657786 WETH of 135423.846856 aEthUSDT at avg price 2929.000000 (at 2024-11-08 02:01:59),1731031319,2024-11-08 02:01:59,0x54db0c8d12d0be2e221c78748ad26cbf5be6457b4a1467dbc45a771f82697223,BUY,135423.846856,46.23552299657786,2928.9999999788783,WETH,aEthUSDT/WETH
1731031319 W BUY 90.00271857515918 WETH of 263617.962706 aEthUSDT at avg price 2929.000000 (at 2024-11-08 02:01:59),1731031319,2024-11-08 02:01:59,0x6e834a403f3b52eec94e42e809315721830623b1bf25a89b4973775c9c7fb16d,BUY,263617.962706,90.00271857515918,2928.9999999928755,WETH,aEthUSDT/WETH
1731031331 W BUY 14.191207290125808 WETH of 41566.046152 aEthUSDT at avg price 2929.000000 (at 2024-11-08 02:02:11),1731031331,2024-11-08 02:02:11,0xbac876e10db29f7317abd14beab3463095d4a6dd68dd428e69e879b1545f6590,BUY,41566.046152,14.191207290125808,2928.999999945143,WETH,aEthUSDT/WETH
1731031331 W BUY 12.869388505410493 WETH of 37694.438932 aEthUSDT at avg price 2929.000000 (at 2024-11-08 02:02:11),1731031331,2024-11-08 02:02:11,0xde197f3cb0b4d84af56f97c06624d89b614d0cf2b8cc057c21584d2aa899227f,BUY,37694.438932,12.869388505410493,2928.9999999730107,WETH,aEthUSDT/WETH
1731031415 W BUY 24.29037566374025 WETH of 71097.929567 aEthUSDT at avg price 2927.000000 (at 2024-11-08 02:03:35),1731031415,2024-11-08 02:03:35,0x177588992a347e31d3edd038d2164b5af9481f4ca7725f88293d1437db2c4884,BUY,71097.929567,24.29037566374025,2926.9999999683946,WETH,aEthUSDT/WETH
1731031415 W BUY 57.81550687639288 WETH of 169225.988627 aEthUSDT at avg price 2927.000000 (at 2024-11-08 02:03:35),1731031415,2024-11-08 02:03:35,0x66120f771efb8053d14828c8980e11b421a059fbae41c4b7bca9364a6254288e,BUY,169225.988627,57.81550687639288,2926.999999996507,WETH,aEthUSDT/WETH
1731031427 W BUY 19.246958571092613 WETH of 56335.847737 aEthUSDT at avg price 2927.000000 (at 2024-11-08 02:03:47),1731031427,2024-11-08 02:03:47,0xaa68be41d2024e634657ac7b8d919fad7d12af33f82b215a4ce9d19c32275c28,BUY,56335.847737,19.246958571092613,2926.9999999694455,WETH,aEthUSDT/WETH
1731031475 W BUY 148.89758421240174 WETH of 436269.921742 aEthUSDT at avg price 2930.000000 (at 2024-11-08 02:04:35),1731031475,2024-11-08 02:04:35,0xc7716875ca11a56e2522be31dc185cfe62cbc1a669966cd2917732aae11a592f,BUY,436269.921742,148.89758421240174,2929.999999997736,WETH,aEthUSDT/WETH
1731031487 W BUY 76.74367689133454 WETH of 224858.973291 aEthUSDT at avg price 2930.000000 (at 2024-11-08 02:04:47),1731031487,2024-11-08 02:04:47,0x81adc618628059adcfaa9eb7b6d4ad10b180cf4360856a5c4588131398f41e47,BUY,224858.973291,76.74367689133454,2929.9999999920487,WETH,aEthUSDT/WETH
1731031487 W BUY 29.513853631277787 WETH of 86475.591139 aEthUSDT at avg price 2930.000000 (at 2024-11-08 02:04:47),1731031487,2024-11-08 02:04:47,0xb1d924fa105ce5b63fd4b5ec0cb9d9632f68b77f197361005ace96220407e809,BUY,86475.591139,29.513853631277787,2929.9999999781826,WETH,aEthUSDT/WETH
1731031487 W BUY 76.80019537169389 WETH of 225024.572439 aEthUSDT at avg price 2930.000000 (at 2024-11-08 02:04:47),1731031487,2024-11-08 02:04:47,0xef6175559d0e5c777cb43798afc60627ed537f1e6fe5fb9497a9d69208d7be46,BUY,225024.572439,76.80019537169389,2929.9999999991787,WETH,aEthUSDT/WETH
1731031511 W BUY 26.25680280781457 WETH of 76932.432226 aEthUSDT at avg price 2930.000000 (at 2024-11-08 02:05:11),1731031511,2024-11-08 02:05:11,0x2654125798b4f657a88ac9bd084e10fa024740c41401fdd39c47795c7783150e,BUY,76932.432226,26.25680280781457,2929.9999999658494,WETH,aEthUSDT/WETH
1731031511 W BUY 37.45681813111276 WETH of 109748.477124 aEthUSDT at avg price 2930.000000 (at 2024-11-08 02:05:11),1731031511,2024-11-08 02:05:11,0xabdc1b7246a833a6403a0969b8d6bea32fd4775e5ffd205e423d2e4e1d74d7e4,BUY,109748.477124,37.45681813111276,2929.999999995718,WETH,aEthUSDT/WETH
1731031511 W BUY 139.20298797059436 WETH of 407864.754753 aEthUSDT at avg price 2930.000000 (at 2024-11-08 02:05:11),1731031511,2024-11-08 02:05:11,0x817359dce797da817085399700e2ecc4dceed29fbfd8186e0b025065fd8f66c0,BUY,407864.754753,139.20298797059436,2929.999999993955,WETH,aEthUSDT/WETH
1731031511 W BUY 20.92323146169706 WETH of 61305.068182 aEthUSDT at avg price 2930.000000 (at 2024-11-08 02:05:11),1731031511,2024-11-08 02:05:11,0x07f0b32b705a9e0676e0b3e375a9afdeb277c6ba0c2dc69bf591ced7c746fdfb,BUY,61305.068182,20.92323146169706,2929.999999963085,WETH,aEthUSDT/WETH
1731031523 W BUY 24.07013244180604 WETH of 70525.488054 aEthUSDT at avg price 2930.000000 (at 2024-11-08 02:05:23),1731031523,2024-11-08 02:05:23,0xfc834d348e4028f638c109bd841b86224bc6f18881ea3a98819df78a36a4165c,BUY,70525.488054,24.07013244180604,2929.9999999795723,WETH,aEthUSDT/WETH
1731031523 W BUY 133.6402626477512 WETH of 391565.969557 aEthUSDT at avg price 2930.000000 (at 2024-11-08 02:05:23),1731031523,2024-11-08 02:05:23,0x689f3afeb04a3e1e4d1abf51e0d720c4e599a4728de68e418d3ddac6d222aac2,BUY,391565.969557,133.6402626477512,2929.999999993183,WETH,aEthUSDT/WETH
1731031763 W BUY 208.4242075638085 WETH of 610474.503954 aEthUSDT at avg price 2929.000000 (at 2024-11-08 02:09:23),1731031763,2024-11-08 02:09:23,0xd5406f218f6822dea6a2ec990bf30139c873c4f48a71e94f1d90722b0afc88e8,BUY,610474.503954,208.4242075638085,2928.999999998104,WETH,aEthUSDT/WETH
1731031763 W BUY 25.32342946723265 WETH of 74172.324909 aEthUSDT at avg price 2929.000000 (at 2024-11-08 02:09:23),1731031763,2024-11-08 02:09:23,0xc5b89f3ebec74e8f1ea91af587b506b041622970a803019e4360cac4b5beca8d,BUY,74172.324909,25.32342946723265,2928.999999979291,WETH,aEthUSDT/WETH
1731031763 W BUY 52.18029660845804 WETH of 152836.088766 aEthUSDT at avg price 2929.000000 (at 2024-11-08 02:09:23),1731031763,2024-11-08 02:09:23,0xef7c71d7679b956a3846fd1859da0151ad9b6f04b9515116ecac2b9aa000b174,BUY,152836.088766,52.18029660845804,2928.999999996673,WETH,aEthUSDT/WETH
1731031763 W BUY 32.07079354040346 WETH of 93935.354279 aEthUSDT at avg price 2929.000000 (at 2024-11-08 02:09:23),1731031763,2024-11-08 02:09:23,0x67fcc4876199c0abca127a2de8350e12506c4be83ff9150949c21f8e9d79c97f,BUY,93935.354279,32.07079354040346,2928.9999999737543,WETH,aEthUSDT/WETH
1731031763 W BUY 102.74858719853997 WETH of 300950.611904 aEthUSDT at avg price 2929.000000 (at 2024-11-08 02:09:23),1731031763,2024-11-08 02:09:23,0xeeda8ce784b9f4d39fde99869f73bb0c30dc6127328b5bb155eaf2c6a1a54f7d,BUY,300950.611904,102.74858719853997,2928.9999999949046,WETH,aEthUSDT/WETH
1731031763 W BUY 241.30433713212585 WETH of 706780.403459 aEthUSDT at avg price 2929.000000 (at 2024-11-08 02:09:23),1731031763,2024-11-08 02:09:23,0x9dd58241f15d292aa45b8bba182ff9cc48ac3c0fb0b4d2d0d39fdf4624fbf3c6,BUY,706780.403459,241.30433713212585,2928.99999999587,WETH,aEthUSDT/WETH
1731031763 W BUY 90.35950753325378 WETH of 264662.997564 aEthUSDT at avg price 2929.000000 (at 2024-11-08 02:09:23),1731031763,2024-11-08 02:09:23,0x2d22c2ca0823f4e8d74f8a7bd5785f56a2b90dc3f759b5bfdb981ce0258d57ae,BUY,264662.997564,90.35950753325378,2928.9999999900365,WETH,aEthUSDT/WETH
1731031787 W BUY 14.783452386598052 WETH of 43300.73204 aEthUSDT at avg price 2929.000000 (at 2024-11-08 02:09:47),1731031787,2024-11-08 02:09:47,0x626b54de560760c1e7406d6d5eb08b7802343aa54f219e3e2a42ae22cef47f91,BUY,43300.73204,14.783452386598052,2928.9999999766164,WETH,aEthUSDT/WETH
1731031787 W BUY 28.16972178817213 WETH of 82509.115117 aEthUSDT at avg price 2929.000000 (at 2024-11-08 02:09:47),1731031787,2024-11-08 02:09:47,0xb44f619a6e1a46f790ec268550793bc8d12ff45cd8257622496b129350ff2c81,BUY,82509.115117,28.16972178817213,2928.9999999802562,WETH,aEthUSDT/WETH
1731031811 W BUY 28.16972178817213 WETH of 82509.115117 aEthUSDT at avg price 2929.000000 (at 2024-11-08 02:10:11),1731031811,2024-11-08 02:10:11,0xe112e604dde84e4b9823adeae3dce465c3f7f50bd3cd3b0d5c115bc284d23c18,BUY,82509.115117,28.16972178817213,2928.9999999802562,WETH,aEthUSDT/WETH
1731031811 W BUY 28.16972178817213 WETH of 82509.115117 aEthUSDT at avg price 2929.000000 (at 2024-11-08 02:10:11),1731031811,2024-11-08 02:10:11,0x314c9ef0a3c4bc3e90e6c2438c27688fe6623c224806aa4e77474efc4dafa363,BUY,82509.115117,28.16972178817213,2928.9999999802562,WETH,aEthUSDT/WETH
1731031811 W BUY 54.67976929142581 WETH of 160157.044254 aEthUSDT at avg price 2929.000000 (at 2024-11-08 02:10:11),1731031811,2024-11-08 02:10:11,0xd38ce2158ed7ec4c311f275e7f7209c0ba6f9a2a93481fa1b5d89e8f261e6480,BUY,160157.044254,54.67976929142581,2928.9999999892793,WETH,aEthUSDT/WETH
1731031823 W BUY 28.16972178817213 WETH of 82509.115117 aEthUSDT at avg price 2929.000000 (at 2024-11-08 02:10:23),1731031823,2024-11-08 02:10:23,0x153ec0898fa603f2d2b53517c40d1f095b494104a10ff7689b6b8d8f95724e8d,BUY,82509.115117,28.16972178817213,2928.9999999802562,WETH,aEthUSDT/WETH
1731031823 W BUY 14.790881232516826 WETH of 43322.49113 aEthUSDT at avg price 2929.000000 (at 2024-11-08 02:10:23),1731031823,2024-11-08 02:10:23,0xbc3dea8540a0bb5eb662ea6d2a7721f1963cc89f7f3dbac0f563eccf3a9329f9,BUY,43322.49113,14.790881232516826,2928.999999997175,WETH,aEthUSDT/WETH
1731031823 W BUY 5.285035209228013 WETH of 15479.868127 aEthUSDT at avg price 2929.000000 (at 2024-11-08 02:10:23),1731031823,2024-11-08 02:10:23,0xdda03541e9c5c63726e8d506e302b07b386449bd7a95a64a152baa77f41d3ca5,BUY,15479.868127,5.285035209228013,2928.9999998431704,WETH,aEthUSDT/WETH
1731031979 W BUY 0.21191185806544 WETH of 642.731246 aEthUSDT at avg price 3033.012177 (at 2024-11-08 02:12:59),1731031979,2024-11-08 02:12:59,0x3b39531e5e359b93638ee376bc020b58dd1b97ff2b0bff39254d079a18c4f3a1,BUY,642.731246,0.21191185806544,3033.0121771737745,WETH,aEthUSDT/WETH
1731134555 W SELL 70.10650187725174 aEthWETH of 212422.700688 USDT at avg price 3030.000000 (at 2024-11-09 06:42:35),1731134555,2024-11-09 06:42:35,0x9fdb6a12abb397f5ed5a89c471f2bb934520041932a1dc3737395d8b3c62ae14,SELL,212422.700688,70.10650187725174,3029.999999998962,aEthWETH,USDT/aEthWETH
1731134555 W SELL 9.990009135646988 aEthWETH of 30269.727681 USDT at avg price 3030.000000 (at 2024-11-09 06:42:35),1731134555,2024-11-09 06:42:35,0x96483c5b0b325f4210dc94fd4a283b942256e95d547a4cbb37ce54a8d682b51c,SELL,30269.727681,9.990009135646988,3029.999999998962,aEthWETH,USDT/aEthWETH
1731134555 W SELL 144.07109618981835 aEthWETH of 436535.421455 USDT at avg price 3030.000000 (at 2024-11-09 06:42:35),1731134555,2024-11-09 06:42:35,0x7ad81211ea9320a7eca2c9bf09be87b64300e29480bd3136bcea1f0ad1fac48f,SELL,436535.421455,144.07109618981835,3029.999999998962,aEthWETH,USDT/aEthWETH
1731134555 W SELL 18.14401167822404 aEthWETH of 54976.355385 USDT at avg price 3030.000000 (at 2024-11-09 06:42:35),1731134555,2024-11-09 06:42:35,0x8dda9d3bed809da2db08ac55d975b1a0337746af3626bc4bd309a5a307327c4a,SELL,54976.355385,18.14401167822404,3029.999999998962,aEthWETH,USDT/aEthWETH
1731134555 W SELL 8.384997743897262 aEthWETH of 25406.543164 USDT at avg price 3030.000000 (at 2024-11-09 06:42:35),1731134555,2024-11-09 06:42:35,0x290a9cc67a0fa1186b58e0a91843dba189154e3a85cb530a7956398118b5b263,SELL,25406.543164,8.384997743897262,3029.999999998962,aEthWETH,USDT/aEthWETH
1731134555 W SELL 11.894590951819255 aEthWETH of 36040.610584 USDT at avg price 3030.000000 (at 2024-11-09 06:42:35),1731134555,2024-11-09 06:42:35,0x961f745f1ffc1fb58ee349b52e1485e3a63f22decd273fcd9c2ce715c2f8806b,SELL,36040.610584,11.894590951819255,3029.9999999989623,aEthWETH,USDT/aEthWETH
1731134555 W SELL 15.399007495384812 aEthWETH of 46658.992711 USDT at avg price 3030.000000 (at 2024-11-09 06:42:35),1731134555,2024-11-09 06:42:35,0x3e25853bd955d9beb1b5393b2c7d94bbc943b1db37c0b85ff37e62fadc53ecc4,SELL,46658.992711,15.399007495384812,3029.9999999989623,aEthWETH,USDT/aEthWETH
1731134555 W SELL 69.62301902015587 aEthWETH of 210957.747631 USDT at avg price 3030.000000 (at 2024-11-09 06:42:35),1731134555,2024-11-09 06:42:35,0xae037d52aa0bbeaa46555d46f941ae7df4956895818358b268ea712dedd6da16,SELL,210957.747631,69.62301902015587,3029.999999998962,aEthWETH,USDT/aEthWETH
1731134567 W SELL 9.265840091092285 aEthWETH of 28075.495476 USDT at avg price 3030.000000 (at 2024-11-09 06:42:47),1731134567,2024-11-09 06:42:47,0x54030213feeefd05f9fb2a83fe7d9e54b12a75cdb372f6c9c18b563d422e631b,SELL,28075.495476,9.265840091092285,3029.9999999989614,aEthWETH,USDT/aEthWETH
1731134567 W SELL 14.016178361720971 aEthWETH of 42469.020436 USDT at avg price 3030.000000 (at 2024-11-09 06:42:47),1731134567,2024-11-09 06:42:47,0xeaaf149b10afe9afd544c45b29e32d71abc2376d08613e07fa052a9b53668ac3,SELL,42469.020436,14.016178361720971,3029.9999999989623,aEthWETH,USDT/aEthWETH
1731134567 W SELL 9.540318846207889 aEthWETH of 28907.166104 USDT at avg price 3030.000000 (at 2024-11-09 06:42:47),1731134567,2024-11-09 06:42:47,0x934aa4fa3c04968ab9a93a7c812cb9947fbe2fb3ca89d36baf7fde205ee3f792,SELL,28907.166104,9.540318846207889,3029.999999998962,aEthWETH,USDT/aEthWETH
1731134591 W SELL 14.015989674922292 aEthWETH of 42468.448715 USDT at avg price 3030.000000 (at 2024-11-09 06:43:11),1731134591,2024-11-09 06:43:11,0xf2431689203caa2e6fff6b330b11036a27dd26ff7c36ca8712e03c10705cb677,SELL,42468.448715,14.015989674922292,3029.9999999989623,aEthWETH,USDT/aEthWETH
1731134591 W SELL 9.540318846207889 aEthWETH of 28907.166104 USDT at avg price 3030.000000 (at 2024-11-09 06:43:11),1731134591,2024-11-09 06:43:11,0x422edb35a55815f66b1a8051bc167ff759e99758df1a3151d500891b7798208f,SELL,28907.166104,9.540318846207889,3029.999999998962,aEthWETH,USDT/aEthWETH
1731134591 W SELL 69.62301902015587 aEthWETH of 210957.747631 USDT at avg price 3030.000000 (at 2024-11-09 06:43:11),1731134591,2024-11-09 06:43:11,0xa22307c729568a36626d6df407bcca21fff7f9725d5da6a820bed025f76477ad,SELL,210957.747631,69.62301902015587,3029.999999998962,aEthWETH,USDT/aEthWETH
1731134591 W SELL 24.821049719150416 aEthWETH of 75207.780649 USDT at avg price 3030.000000 (at 2024-11-09 06:43:11),1731134591,2024-11-09 06:43:11,0x283763d3c671fba16be2dc6a56fd923cb7f83c2ad76460a1b9771bd8bd6db08f,SELL,75207.780649,24.821049719150416,3029.999999998962,aEthWETH,USDT/aEthWETH
1731134603 W SELL 39.70904377526113 aEthWETH of 120318.402639 USDT at avg price 3030.000000 (at 2024-11-09 06:43:23),1731134603,2024-11-09 06:43:23,0x24c01d32b43e910770d4656bf067b5f8e7ef4ef9193cd79082301539a5264c45,SELL,120318.402639,39.70904377526113,3029.9999999989623,aEthWETH,USDT/aEthWETH
1731134603 W SELL 69.62301902015587 aEthWETH of 210957.747631 USDT at avg price 3030.000000 (at 2024-11-09 06:43:23),1731134603,2024-11-09 06:43:23,0xbd5f25f4ad0b786eb07f1e1e50a13bde2cc69cf227395e897ad4bbe624280d70,SELL,210957.747631,69.62301902015587,3029.999999998962,aEthWETH,USDT/aEthWETH
1731134603 W SELL 47.419335551501405 aEthWETH of 143680.586721 USDT at avg price 3030.000000 (at 2024-11-09 06:43:23),1731134603,2024-11-09 06:43:23,0x3fc5a1096b890ac7a7d214f8ff08b53c57d60885c9faadbe0bc84f40a8ddc539,SELL,143680.586721,47.419335551501405,3029.9999999989614,aEthWETH,USDT/aEthWETH
1731134603 W SELL 13.18665115743026 aEthWETH of 39955.553007 USDT at avg price 3030.000000 (at 2024-11-09 06:43:23),1731134603,2024-11-09 06:43:23,0xc8779ac0ee611b1f685a62c4036c14bb2c79a2625178150fbf8152695af81e15,SELL,39955.553007,13.18665115743026,3029.9999999989623,aEthWETH,USDT/aEthWETH
1731134603 W SELL 19.74468546271304 aEthWETH of 59826.396952 USDT at avg price 3030.000000 (at 2024-11-09 06:43:23),1731134603,2024-11-09 06:43:23,0x28e96b63f927adc6b8d306e9b07f3a5a8572d66defac548d5794d219daafa149,SELL,59826.396952,19.74468546271304,3029.9999999989614,aEthWETH,USDT/aEthWETH
1731134603 W SELL 9.540318846207889 aEthWETH of 28907.166104 USDT at avg price 3030.000000 (at 2024-11-09 06:43:23),1731134603,2024-11-09 06:43:23,0x8c1b3fc7bdf4d409543227931faf69db8812e1a3b3bd17a4f87562c67cd4b1f9,SELL,28907.166104,9.540318846207889,3029.999999998962,aEthWETH,USDT/aEthWETH
1731134603 W SELL 48.9559428043072 aEthWETH of 148336.506697 USDT at avg price 3030.000000 (at 2024-11-09 06:43:23),1731134603,2024-11-09 06:43:23,0xd01be802849f00ad1dab988f53d43361ddd49d99a368e965ca650f7774375aad,SELL,148336.506697,48.9559428043072,3029.9999999989623,aEthWETH,USDT/aEthWETH
1731134603 W SELL 48.28836078780533 aEthWETH of 146313.733187 USDT at avg price 3030.000000 (at 2024-11-09 06:43:23),1731134603,2024-11-09 06:43:23,0xdf3a927e0851c12d16a444353f323dc569d75c914c4aee2b2008607d1ecfd553,SELL,146313.733187,48.28836078780533,3029.9999999989614,aEthWETH,USDT/aEthWETH
1731134615 W SELL 18.14401167822404 aEthWETH of 54976.355385 USDT at avg price 3030.000000 (at 2024-11-09 06:43:35),1731134615,2024-11-09 06:43:35,0xef0d7d9bdc966503ee629865d52d539a107544e1e3919b5017aae201313664f5,SELL,54976.355385,18.14401167822404,3029.999999998962,aEthWETH,USDT/aEthWETH
1731134615 W SELL 19.74459065083185 aEthWETH of 59826.109672 USDT at avg price 3030.000000 (at 2024-11-09 06:43:35),1731134615,2024-11-09 06:43:35,0x87315ce098843d192f5aa3d8cded23f21c9d3d49d4daf499f719c7393ed0174e,SELL,59826.109672,19.74459065083185,3029.9999999989614,aEthWETH,USDT/aEthWETH
1731134615 W SELL 54.43434296668532 aEthWETH of 164936.059189 USDT at avg price 3030.000000 (at 2024-11-09 06:43:35),1731134615,2024-11-09 06:43:35,0xa123d29ae483e65b49280c8d5094421de3786c59aaf16613acc79f2ad4893e1e,SELL,164936.059189,54.43434296668532,3029.9999999989614,aEthWETH,USDT/aEthWETH
1731134615 W SELL 9.540318846207889 aEthWETH of 28907.166104 USDT at avg price 3030.000000 (at 2024-11-09 06:43:35),1731134615,2024-11-09 06:43:35,0x5532bfe1ff85acd92d20683d87500c188028762d66101ecbd56557dc11a15c2f,SELL,28907.166104,9.540318846207889,3029.999999998962,aEthWETH,USDT/aEthWETH
1731134615 W SELL 20.392934534660448 aEthWETH of 61790.59164 USDT at avg price 3030.000000 (at 2024-11-09 06:43:35),1731134615,2024-11-09 06:43:35,0x453d2edaa1250387559357ba1d696d917dc4d5ad4387a655ade675a5a328df45,SELL,61790.59164,20.392934534660448,3029.9999999989623,aEthWETH,USDT/aEthWETH
1731134627 W SELL 9.540318846207889 aEthWETH of 28907.166104 USDT at avg price 3030.000000 (at 2024-11-09 06:43:47),1731134627,2024-11-09 06:43:47,0x7a8b7200ade54469471c15bcbe9cf8f875a3ae4b674d09842d531fd431bf9e2f,SELL,28907.166104,9.540318846207889,3029.999999998962,aEthWETH,USDT/aEthWETH
1731134627 W SELL 20.392533084165404 aEthWETH of 61789.375245 USDT at avg price 3030.000000 (at 2024-11-09 06:43:47),1731134627,2024-11-09 06:43:47,0x9da44aa189923a601ec2a07373ff87a7d7186273bbaf36b4d1fd52ecf07c8e90,SELL,61789.375245,20.392533084165404,3029.999999998962,aEthWETH,USDT/aEthWETH
1731134639 W SELL 7.757620243567014 aEthWETH of 23505.589338 USDT at avg price 3030.000000 (at 2024-11-09 06:43:59),1731134639,2024-11-09 06:43:59,0x417fbfc1c2e50d5219a778b5896f47e27d35144b9ddb476605005969556ea064,SELL,23505.589338,7.757620243567014,3029.9999999989623,aEthWETH,USDT/aEthWETH
1731134843 W SELL 126.7841063 aEthWETH of 384568.043075 USDT at avg price 3033.251204 (at 2024-11-09 06:47:23),1731134843,2024-11-09 06:47:23,0xad3cca2f02e7895600824018425e9dbed3b204f480406ee0a5e4d45856743853,SELL,384568.043075,126.7841063,3033.2512039405365,aEthWETH,USDT/aEthWETH
1731134867 W SELL 9.1284556536 aEthWETH of 27688.357608 USDT at avg price 3033.191885 (at 2024-11-09 06:47:47),1731134867,2024-11-09 06:47:47,0x81f2590e4183627bdf10d2f333074e0afbe90c73683d8838a0c5bb61cba2dd82,SELL,27688.357608,9.1284556536,3033.191884662386,aEthWETH,USDT/aEthWETH
1731134879 W SELL 456.42278268 aEthWETH of 1384399.876402 USDT at avg price 3033.152439 (at 2024-11-09 06:47:59),1731134879,2024-11-09 06:47:59,0x9d58fce448c286b247d8c38bb48091f93f37cd10a616eb254439a3d2e6f30a24,SELL,1384399.876402,456.42278268,3033.152438783076,aEthWETH,USDT/aEthWETH
1731134915 W SELL 67.55057183664 aEthWETH of 204884.611767 USDT at avg price 3033.055179 (at 2024-11-09 06:48:35),1731134915,2024-11-09 06:48:35,0xa0c6022f2ab9ee14aa2730180866702a2116317f08c4e0787a428d939cf3198e,SELL,204884.611767,67.55057183664,3033.055179199369,aEthWETH,USDT/aEthWETH
1731134951 W SELL 600.0 aEthWETH of 1819255.512955 USDT at avg price 3032.092522 (at 2024-11-09 06:49:11),1731134951,2024-11-09 06:49:11,0x834660c3cfcfca4f7a031e70bbce0b57f4babc04838be6ef9e2288ee4188084a,SELL,1819255.512955,600.0,3032.0925215916664,aEthWETH,USDT/aEthWETH
1731135035 W SELL 12.6 aEthWETH of 38203.41502 USDT at avg price 3032.017065 (at 2024-11-09 06:50:35),1731135035,2024-11-09 06:50:35,0x5e828db83fd788d13228d35f3dd881144e433564346a6fab73f6416a25efe87b,SELL,38203.41502,12.6,3032.0170650793652,aEthWETH,USDT/aEthWETH
1731135047 W SELL 84.0 aEthWETH of 254688.701145 USDT at avg price 3032.008347 (at 2024-11-09 06:50:47),1731135047,2024-11-09 06:50:47,0x372c0ba0b702bbdac7f1c450a0543ad198c90e2459faff3563433471b3e94c1b,SELL,254688.701145,84.0,3032.008346964286,aEthWETH,USDT/aEthWETH
1731135071 W SELL 13.034 aEthWETH of 39518.953858 USDT at avg price 3031.989708 (at 2024-11-09 06:51:11),1731135071,2024-11-09 06:51:11,0x3ea537cd7ccc978d0c5dceaf1dd79743f1d1906ee04d7c7920e32c921929cde8,SELL,39518.953858,13.034,3031.9897083013657,aEthWETH,USDT/aEthWETH
1731135071 W SELL 36.4773087917856 aEthWETH of 110622.400903 USDT at avg price 3032.636030 (at 2024-11-09 06:51:11),1731135071,2024-11-09 06:51:11,0x4b6310097a3de167e9c4cea2cc185923324963c72152f01277dd503cb8176cce,SELL,110622.400903,36.4773087917856,3032.636029550274,aEthWETH,USDT/aEthWETH
1731135095 W SELL 200.0 aEthWETH of 606892.135427 USDT at avg price 3034.460677 (at 2024-11-09 06:51:35),1731135095,2024-11-09 06:51:35,0xfabe0a7dcdb66da45c4212fc87541453341aec2008fbb0d3f562f83f254565b8,SELL,606892.135427,200.0,3034.460677135,aEthWETH,USDT/aEthWETH
1731135095 W SELL 10.322928 aEthWETH of 31298.738364 USDT at avg price 3031.963253 (at 2024-11-09 06:51:35),1731135095,2024-11-09 06:51:35,0x706c45fa444ae9bd9b072aeb4b1ed5501b7a0e622b9132b5b9b6c7daebfc5bed,SELL,31298.738364,10.322928,3031.9632534490215,aEthWETH,USDT/aEthWETH
1731135119 W SELL 285.73891886898724 aEthWETH of 866487.849303 USDT at avg price 3032.446027 (at 2024-11-09 06:51:59),1731135119,2024-11-09 06:51:59,0xc338dfa74158ca4c2f2aefaebe1bbc2a3cac39aedb8da51da028eb587958e2b1,SELL,866487.849303,285.73891886898724,3032.4460270681193,aEthWETH,USDT/aEthWETH
1731135119 W SELL 332.81119872 aEthWETH of 1009041.009412 USDT at avg price 3031.872164 (at 2024-11-09 06:51:59),1731135119,2024-11-09 06:51:59,0x1921a3bbd376fe868531bf8cf66485f0f64a9833f82aa53f20e0bd0ee7726317,SELL,1009041.009412,332.81119872,3031.872164436763,aEthWETH,USDT/aEthWETH
1731135143 W SELL 56.8339123968 aEthWETH of 172286.879309 USDT at avg price 3031.409805 (at 2024-11-09 06:52:23),1731135143,2024-11-09 06:52:23,0x1623d49de816db0ecbe1ca8e245e5014dbed9216ceed4e73d4e75767cd295265,SELL,172286.879309,56.8339123968,3031.4098052257355,aEthWETH,USDT/aEthWETH
1731135143 W SELL 10.41955060608 aEthWETH of 31585.927874 USDT at avg price 3031.409805 (at 2024-11-09 06:52:23),1731135143,2024-11-09 06:52:23,0xaf5dc30c895585ae45041b07b015dfa5c5a8f3e0a2238645ea606b7a903a2ad7,SELL,31585.927874,10.41955060608,3031.4098052913173,aEthWETH,USDT/aEthWETH
1731135179 W SELL 52.7987046166272 aEthWETH of 160018.686554 USDT at avg price 3030.731298 (at 2024-11-09 06:52:59),1731135179,2024-11-09 06:52:59,0xc7c25a262551e2e2fa6411239a0b9de1ef748740dba53922f999ec97fb4cbd82,SELL,160018.686554,52.7987046166272,3030.731297593378,aEthWETH,USDT/aEthWETH
1731135191 W SELL 52.7987046166272 aEthWETH of 160006.575805 USDT at avg price 3030.501922 (at 2024-11-09 06:53:11),1731135191,2024-11-09 06:53:11,0x69ac389d6aeee51022905abf137679016b95be6aa3b2d719efcef0ebe30d86de,SELL,160006.575805,52.7987046166272,3030.501921719709,aEthWETH,USDT/aEthWETH
1731135203 W SELL 12.40769558490739 aEthWETH of 37598.665718 USDT at avg price 3030.269840 (at 2024-11-09 06:53:23),1731135203,2024-11-09 06:53:23,0xf58b01635532d5133949dc49e3c0ede8e9f9d68b2db8e9db57534d7bec7306b0,SELL,37598.665718,12.40769558490739,3030.269840254195,aEthWETH,USDT/aEthWETH
1731135203 W SELL 46.46286006263193 aEthWETH of 140795.003539 USDT at avg price 3030.269840 (at 2024-11-09 06:53:23),1731135203,2024-11-09 06:53:23,0x9635e29d34a1841d5aca803d8a343ff46a92a47624122477683b0033aafa5257,SELL,140795.003539,46.46286006263193,3030.2698402381675,aEthWETH,USDT/aEthWETH
1731135203 W SELL 8.857906484938603 aEthWETH of 26844.658499 USDT at avg price 3030.587255 (at 2024-11-09 06:53:23),1731135203,2024-11-09 06:53:23,0x2560781ab55f58054bc6408dfa7efd11a7bda7b6b2ea76e52faf3774e64e98e5,SELL,26844.658499,8.857906484938603,3030.5872549732694,aEthWETH,USDT/aEthWETH
1731135203 W SELL 200.0 aEthWETH of 606692.31259 USDT at avg price 3033.461563 (at 2024-11-09 06:53:23),1731135203,2024-11-09 06:53:23,0xdfcc08d510871253b5c7e058d38888b58713c874c0ee558244f2a33c0cb80ab7,SELL,606692.31259,200.0,3033.46156295,aEthWETH,USDT/aEthWETH
1731135215 W SELL 108.58078917021513 aEthWETH of 328973.578828 USDT at avg price 3029.758591 (at 2024-11-09 06:53:35),1731135215,2024-11-09 06:53:35,0x10f3cde8ee982ef479dfae1fb6bc93850c2848ef3d762bbc99a8217dadcd3dd2,SELL,328973.578828,108.58078917021513,3029.7585912024388,aEthWETH,USDT/aEthWETH
1731135227 W SELL 114.4816712634122 aEthWETH of 346858.250015 USDT at avg price 3029.814696 (at 2024-11-09 06:53:47),1731135227,2024-11-09 06:53:47,0x66f3b01fe6eb5e9858b39fb2dffaae698af94635813bb98db2565acea10fcaa1,SELL,346858.250015,114.4816712634122,3029.8146959866604,aEthWETH,USDT/aEthWETH
1731135239 W SELL 168.30022321383345 aEthWETH of 509628.598289 USDT at avg price 3028.092230 (at 2024-11-09 06:53:59),1731135239,2024-11-09 06:53:59,0x35435fe33d0e0ccdac0e8685ad6a373664df92f2beebc5a912351e77047a5f58,SELL,509628.598289,168.30022321383345,3028.092230403596,aEthWETH,USDT/aEthWETH
1731135263 W SELL 30.65246748077862 aEthWETH of 92850.277352 USDT at avg price 3029.128973 (at 2024-11-09 06:54:23),1731135263,2024-11-09 06:54:23,0x248141097e109a75ae795a25498ccec22d09e09cfbb0c83cba3e72f56a44831c,SELL,92850.277352,30.65246748077862,3029.128973392568,aEthWETH,USDT/aEthWETH
1731135275 W SELL 13.689031359651253 aEthWETH of 41462.718037 USDT at avg price 3028.900800 (at 2024-11-09 06:54:35),1731135275,2024-11-09 06:54:35,0x0280570fbb64e386dfe5a352d04bd7b7462b645bd7a17336543a7e9ca9f66af5,SELL,41462.718037,13.689031359651253,3028.9008000385147,aEthWETH,USDT/aEthWETH
1731135275 W SELL 34.22257839912813 aEthWETH of 103656.795092 USDT at avg price 3028.900800 (at 2024-11-09 06:54:35),1731135275,2024-11-09 06:54:35,0x1f126714f4d66fbeb25c8e4637d554cab89ab8b02aa8554fb692025c6cb1c81d,SELL,103656.795092,34.22257839912813,3028.9008000239046,aEthWETH,USDT/aEthWETH
1731135275 W SELL 34.22257839912813 aEthWETH of 103656.795092 USDT at avg price 3028.900800 (at 2024-11-09 06:54:35),1731135275,2024-11-09 06:54:35,0xb4a2ef676409c93cc3e2ed8158b7d2fb9d39864d75ed4403cdfbaf3021ca42e6,SELL,103656.795092,34.22257839912813,3028.9008000239046,aEthWETH,USDT/aEthWETH
1731135287 W SELL 12.54827874634698 aEthWETH of 38002.089586 USDT at avg price 3028.470307 (at 2024-11-09 06:54:47),1731135287,2024-11-09 06:54:47,0xf27af8180a89f4ff5f051296958c70126906d6e453b8efc4774d6a4b067df52d,SELL,38002.089586,12.54827874634698,3028.47030689871,aEthWETH,USDT/aEthWETH
1731135299 W SELL 244.121059247114 aEthWETH of 739110.753374 USDT at avg price 3027.640285 (at 2024-11-09 06:54:59),1731135299,2024-11-09 06:54:59,0x53ad29ca1cc5e13bf441da2f4c24c2ab3319bcc73f0124c840925db6a9230b9d,SELL,739110.753374,244.121059247114,3027.6402849203914,aEthWETH,USDT/aEthWETH
1731135311 W SELL 231.57278050076692 aEthWETH of 700926.381325 USDT at avg price 3026.808159 (at 2024-11-09 06:55:11),1731135311,2024-11-09 06:55:11,0x7f3403bcda7bb5d478607024b66c5cc5ff46b22042ab3b0465e61b702b5998da,SELL,700926.381325,231.57278050076692,3026.808158580963,aEthWETH,USDT/aEthWETH
1731135323 W SELL 108.0 aEthWETH of 327254.174582 USDT at avg price 3030.131246 (at 2024-11-09 06:55:23),1731135323,2024-11-09 06:55:23,0x46bd4d18f1aa9f58c74af13eaea8d1d5784e1e833dde46e595a667e7f3749736,SELL,327254.174582,108.0,3030.1312461296297,aEthWETH,USDT/aEthWETH
1731135335 W SELL 9.0 aEthWETH of 27269.141255 USDT at avg price 3029.904584 (at 2024-11-09 06:55:35),1731135335,2024-11-09 06:55:35,0x298e00d5678a01452c71306f0a51a688abbab6504cb6530333605935ade57aa3,SELL,27269.141255,9.0,3029.9045838888887,aEthWETH,USDT/aEthWETH
1731135347 W SELL 14.92185628382838 aEthWETH of 45213.22454 USDT at avg price 3030.000000 (at 2024-11-09 06:55:47),1731135347,2024-11-09 06:55:47,0x42933339aedb87ebf6c1bb31d31fe2744c8dc043587a76b743a57aa5832fafd5,SELL,45213.22454,14.92185628382838,3030.000000000001,aEthWETH,USDT/aEthWETH
1731135347 W SELL 8.373027377887789 aEthWETH of 25370.272955 USDT at avg price 3030.000000 (at 2024-11-09 06:55:47),1731135347,2024-11-09 06:55:47,0xc020e767b368429686b62376877eb2cbed73699039de96ba8c00558bc9b13e85,SELL,25370.272955,8.373027377887789,3030.0,aEthWETH,USDT/aEthWETH
1731135347 W SELL 28.97644295577557 aEthWETH of 87798.622156 USDT at avg price 3030.000000 (at 2024-11-09 06:55:47),1731135347,2024-11-09 06:55:47,0xe2fe86db9bba823f54dd7a20a8975b44bb77da6e34087b6d1e66d124873c310e,SELL,87798.622156,28.97644295577557,3030.0000000000005,aEthWETH,USDT/aEthWETH
1731135347 W SELL 100.98 aEthWETH of 305936.846153 USDT at avg price 3029.677621 (at 2024-11-09 06:55:47),1731135347,2024-11-09 06:55:47,0x2333082a56e790000b46c76eca3edb25d33b3819313ca98386233cb3828aa7af,SELL,305936.846153,100.98,3029.677620845712,aEthWETH,USDT/aEthWETH
1731135347 W SELL 100.98 aEthWETH of 305936.846153 USDT at avg price 3029.677621 (at 2024-11-09 06:55:47),1731135347,2024-11-09 06:55:47,0xcc376f608b42063cf49ccea580098397f02441ebe35c23ca321ed2a475f48499,SELL,305936.846153,100.98,3029.677620845712,aEthWETH,USDT/aEthWETH
1731135359 W SELL 28.97217069438944 aEthWETH of 87785.677204 USDT at avg price 3030.000000 (at 2024-11-09 06:55:59),1731135359,2024-11-09 06:55:59,0x4bb34fb31814b2815eacdfb18d18d979b23458ca1cb8df0b0b3f04f00703c248,SELL,87785.677204,28.97217069438944,3030.0,aEthWETH,USDT/aEthWETH
1731135383 W SELL 108.0 aEthWETH of 327250.317593 USDT at avg price 3030.095533 (at 2024-11-09 06:56:23),1731135383,2024-11-09 06:56:23,0x474ed4d582752a4a5bd5370e5167388eee8dd6555146012a6cf25e488f5135ae,SELL,327250.317593,108.0,3030.0955332685185,aEthWETH,USDT/aEthWETH
1731135383 W SELL 14.496253335973597 aEthWETH of 43923.647608 USDT at avg price 3030.000000 (at 2024-11-09 06:56:23),1731135383,2024-11-09 06:56:23,0xb171c855d9c3795689cb898e02c7a869ff8acd1caeb7c5d97799c13599297637,SELL,43923.647608,14.496253335973597,3030.0,aEthWETH,USDT/aEthWETH
1731135383 W SELL 108.0 aEthWETH of 327250.317593 USDT at avg price 3030.095533 (at 2024-11-09 06:56:23),1731135383,2024-11-09 06:56:23,0xb88e48567bd2c05fd42f095868a8b567142a30111e73a35ded3b948c579d0b5e,SELL,327250.317593,108.0,3030.0955332685185,aEthWETH,USDT/aEthWETH
1731135395 W SELL 15.506568632343235 aEthWETH of 46984.902956 USDT at avg price 3030.000000 (at 2024-11-09 06:56:35),1731135395,2024-11-09 06:56:35,0x6da620717a756cd6258e0328833d269504e2e32ffff4330ab16894cb3f372a30,SELL,46984.902956,15.506568632343235,3029.9999999999995,aEthWETH,USDT/aEthWETH
1731135395 W SELL 14.876549884158417 aEthWETH of 45075.946149 USDT at avg price 3030.000000 (at 2024-11-09 06:56:35),1731135395,2024-11-09 06:56:35,0x0029cc9049db87b41e2a457dda7a2226d14139a8a6966b802470e1444e07c365,SELL,45075.946149,14.876549884158417,3030.0,aEthWETH,USDT/aEthWETH
1731135395 W SELL 14.49607012541254 aEthWETH of 43923.09248 USDT at avg price 3030.000000 (at 2024-11-09 06:56:35),1731135395,2024-11-09 06:56:35,0xd2ad806020682744f3e1e50f7a0c0b07b590401666995e05865a1564ae598938,SELL,43923.09248,14.49607012541254,3030.0,aEthWETH,USDT/aEthWETH
1731135407 W SELL 95.04 aEthWETH of 287934.913073 USDT at avg price 3029.618193 (at 2024-11-09 06:56:47),1731135407,2024-11-09 06:56:47,0x7006d3196385eb403555d42d39e136bb55d873867e681016c12a4bfe542e90f5,SELL,287934.913073,95.04,3029.6181931081646,aEthWETH,USDT/aEthWETH
1731135407 W SELL 9.049283909240923 aEthWETH of 27419.330245 USDT at avg price 3030.000000 (at 2024-11-09 06:56:47),1731135407,2024-11-09 06:56:47,0x084328f996284dd307a9c2b18e760969a318cd7ad4d2429429778489ae70c8c9,SELL,27419.330245,9.049283909240923,3030.0000000000005,aEthWETH,USDT/aEthWETH
1731135407 W SELL 86.98118813663366 aEthWETH of 263553.000054 USDT at avg price 3030.000000 (at 2024-11-09 06:56:47),1731135407,2024-11-09 06:56:47,0x3fa585857764719e85547475f5c08e374d76ef6009b880cb661efc23599e266f,SELL,263553.000054,86.98118813663366,3030.0,aEthWETH,USDT/aEthWETH
1731135407 W SELL 43.32406515478548 aEthWETH of 131271.917419 USDT at avg price 3030.000000 (at 2024-11-09 06:56:47),1731135407,2024-11-09 06:56:47,0x8e2111ee3ea88a61d57a15fc425411889aea903fe589d519a5481aaec7f9d0fb,SELL,131271.917419,43.32406515478548,3030.0,aEthWETH,USDT/aEthWETH
